3134 5046
533 534 752 584 ouuoureou.
1053 522 1116 587 161

160 687 492 766 perendinationem,
528 690 687 756 festinam
719 692 769 755 eis
800 691 894 757 dedit
921 695 1115 777 responsio·

160 805 254 864 nem,
269 795 304 874 et
325 788 499 852 licentiam
513 789 689 870 redeundi,
705 792 780 856 sino
795 791 926 856 ellectu.

160 1025 244 1072 DUX
278 1026 490 1076 BRl‘l'ANNlAE
522 1030 655 1078 EVADlT
683 1031 722 1078 IN
758 1031 938 1080 ANGMAM.
996 1035 1113 1084 GOMES

212 1125 368 1174 DERBYAE
405 1128 450 1174 ΕΤ
489 1128 564 1175 ALll
618 1130 694 1177 CUM
743 1131 886 1179 GRANDI
926 1132 1113 1184 commun

212 1201 522 1274 ἸἾίΑΝὓΙῖΙίΕΊἈΝΤ.Υ
583 1228 740 1276 JAGOBUS
763 1231 810 1277 DE
833 1231 1025 1278 ARTAVEL'I'
1050 1204 1112 1282 00ss

212 1324 376 1374 (llDI'l'UR.
430 1327 573 1375 uuauult
597 1328 743 1376 REGINAE
767 1329 1022 1380 DEMBRGITUR.

215 1482 324 1548 Aureo
344 1485 495 1550 Donum.
510 1483 690 1551 millesimo
706 1487 946 1552 trecentesimo
963 1490 1112 1572 quadra·

162 1583 294 1664 gesimo
321 1584 455 1666 quinto,
483 1585 704 1668 pontificatus
733 1607 816 1652 vero
849 1587 979 1651 domini
1011 1609 1112 1673 papae

162 1681 351 1752 Clementis
368 1685 460 1749 sexti
476 1703 569 1749 anno
593 1692 731 1768 quarto,
748 1693 783 1751 et
809 1686 905 1768 regni
935 1689 1026 1770 regis
1043 1689 1110 1754 Ed-

163 1782 271 1845 wardi
290 1783 383 1846 tertii
405 1802 428 1847 a
449 1791 639 1866 conquestu
661 1784 914 1862 decimo-nono,
931 1787 1004 1850 dux
1034 1789 1112 1852 Bri-

163 1881 305 1958 tanniae,
327 1882 386 1964 qui
411 1882 655 1948 fraudulenter.
662 1904 724 1966 per
751 1884 949 1968 Philippum
973 1886 1016 1950 de
1039 1887 1113 1952 Va-

160 1980 238 2062 loys
254 1981 319 2046 fuit
334 1981 495 2046 detentus
511 1983 756 2060 incarceratus
770 1985 881 2048 evasit
894 1984 938 2048 de
950 1984 1112 2065 Francia,

163 2088 198 2143 et
225 2081 321 2147 uenit
348 2081 383 2144 in
411 2079 583 2164 Angliom
600 2083 719 2146 statim
747 2092 828 2164 post
855 2082 1002 2148 Pascha.
1064 2086 1112 2150 Et

164 2179 256 2250 circa
287 2179 377 2244 idem
422 2188 558 2263 tempus
597 2181 769 2246 ordinavit
807 2203 870 2246 rex
902 2184 1111 2248 escambium

159 2286 305 2342 monetae
336 2280 429 2361 apnd
462 2280 671 2358 Londonias,
699 2281 791 2362 apud
815 2281 1054 2362 Gauluariam,
1077 2293 1113 2348 et

160 2378 252 2459 apud
270 2378 476 2459 Eboracum,
492 2379 535 2442 ad
552 2379 736 2444 utilitatem
754 2382 851 2463 regni
869 2381 924 2446 sui
941 2385 1113 2464 permaxi-

159 2496 260 2541 mam.

208 2575 312 2641 Circa
333 2577 458 2642 festum
476 2579 682 2644 Natiuitatis
707 2579 799 2643 beati
825 2578 848 2642 J
851 2579 996 2646 ohannis
1014 2582 1108 2664 Bap·
1122 2604 1167 2643 ruo
1176 2613 1219 2643 w
1227 2603 1246 2643 ι.

161 2677 264 2753 tistae,
289 2676 463 2741 Heuricus
487 2697 602 2743 comes
626 2679 787 2761 Derbyae,
804 2686 840 2742 et
864 2699 978 2744 comes
1006 2681 1107 2745 Pem-
1121 2653 1272 2752 {mdiu

160 2775 320 2852 brochiae,
346 2784 382 2840 et
407 2776 613 2859 Radulphus
638 2780 721 2841 baro
747 2777 789 2842 de
817 2777 979 2856 Stafford,
1011 2781 1108 2846 Wal-
1121 2755 1207 2794 F‘moe'

161 2883 254 2938 terus
280 2875 323 2938 de
354 2873 501 2959 Manny,
530 2884 565 2940 et
592 2875 770 2956 Johcnnes
800 2875 897 2960 Grey
923 2878 965 2942 de
995 2878 1107 2944 Code-

159 2994 252 3052 nore,
269 2995 347 3041 cum
370 2976 495 3056 grandi
524 2975 689 3040 comitatu
713 2974 922 3040 armatorum
946 2986 980 3042 et
998 2978 1109 3043 archi-

159 3093 268 3150 orum,
284 3075 593 3156 transfretaverunt
602 3095 723 3140 versus
738 3075 965 3151 Vasconinm3
982 3079 1107 3159 quibus

157 3173 294 3250 ibidem,
317 3173 489 3238 mediante
506 3174 620 3256 gratia
648 3174 787 3250 Divina,
811 3194 974 3256 prospere
996 3177 1107 3259 appli-

159 3274 256 3350 catis,
280 3279 500 3338 attraxerunt
527 3274 592 3337 sibi
609 3273 783 3338 dominum
808 3272 851 3336 de
874 3273 910 3337 la
932 3275 1049 3353 Brete,
1072 3284 1108 3340 et

159 3372 244 3436 alios
279 3372 436 3436 dominos
473 3371 566 3436 illius
615 3381 716 3437 terrae
752 3371 985 3456 quamplures,
1028 3395 1106 3439 cum

158 3477 283 3535 caetero
316 3471 444 3554 populo
478 3471 729 3549 innumerabili,
770 3472 849 3536 illos
890 3473 1012 3538 saltem
1046 3476 1106 3557 qui

159 3570 257 3634 tidem
276 3569 447 3635 debebant
467 3571 541 3652 regi
554 3569 716 3652 Angliae:
739 3571 811 3653 qui,
834 3571 1010 3654 dispositis
1032 3575 1107 3637 uni-

157 3671 265 3734 versis
282 3669 324 3732 ad
338 3689 496 3751 guerram
514 3671 727 3748 necessariis,
744 3671 975 3752 procedebant
986 3679 1107 3737 contra

158 3769 279 3833 Gallos
302 3788 380 3832 cum
396 3769 431 3832 vi
453 3776 598 3833 armata.
633 3769 768 3847 Quibus
793 3770 828 3833 in
851 3771 978 3834 eisdem
1000 3773 1107 3854 parti-

155 3871 219 3933 bus
251 3887 319 3931 non
349 3887 492 3944 moram,
518 3869 578 3932 sed
609 3868 773 3944 laborem,
801 3866 1016 3933 trahentibus
1042 3889 1105 3951 per

158 3987 261 4032 unum
294 3986 421 4030 anuum
444 3974 479 4030 et
510 3967 670 4050 amplius
694 3967 797 4031 talem
827 3967 932 4030 Deus
959 3968 1105 4032 contulit

156 4066 422 4149 expeditionem,
454 4073 494 4130 ut
523 4075 643 4131 contra
668 4067 825 4129 inimicos
855 4085 936 4128 suos
961 4065 1104 4130 Franci·
1196 4133 1204 4146 ,

157 4185 264 4249 genas
287 4185 422 4247 semper
438 4164 695 4247 praevaluerunt
717 4166 752 4228 in
778 4163 954 4240 conflictu,
977 4165 1104 4246 multos

154 4265 352 4341 occidendo,
375 4264 595 4348 quamplures
627 4265 661 4326 in
685 4265 921 4346 captivitatem
953 4263 1105 4330 incarce-

925 4404 951 4449 M
