3146 5038
424 472 490 537 182
767 488 802 536 n.
822 487 1038 536 nunruurn.

426 665 508 710 num
537 644 561 708 J
564 645 710 708 oannem
742 643 950 708 Bastardum
972 643 1080 706 filium
1102 641 1256 726 Philippi
1279 645 1373 726 regis

428 746 654 821 Francorum,
668 751 703 807 et
718 743 890 826 quendam
904 743 1049 806 militem
1065 742 1109 806 de
1127 741 1239 824 Ipres,
1250 745 1371 832 cessit·

426 864 493 927 que
509 844 655 908 victoria
669 841 692 906 J
695 843 799 907 oanni
814 842 991 926 praedicto.

479 942 552 1007 Iste
569 951 644 1007 erat
669 961 779 1006 annus
796 941 970 1025 jubilaeus,
989 960 1057 1023 quo
1072 941 1172 1005 multi
1185 941 1228 1006 de
1244 936 1374 1026 populo

426 1043 604 1124 utriusque
626 1061 743 1119 sexus,
769 1061 832 1124 pro
856 1042 970 1122 gratia
997 1040 1207 1106 remissionis
1234 1061 1374 1106 suorum

424 1143 660 1225 peccaminum
685 1141 936 1223 consequenda,
965 1141 1087 1205 Romae
1110 1149 1192 1206 sunt
1216 1143 1374 1224 profecti.

425 1241 721 1305 Veneruntetiam
738 1240 803 1304 hoc
820 1259 910 1304 anno
926 1240 962 1302 in
974 1238 1137 1322 Angliam
1154 1241 1375 1323 poenitentes,

425 1340 491 1404 viri
509 1341 640 1405 nobiles
663 1349 698 1404 et
719 1340 934 1422 alienigenae,
950 1341 1010 1421 qui
1031 1359 1097 1403 sua
1115 1340 1210 1404 nuda
1226 1361 1373 1424 corpora

425 1459 535 1523 usque
572 1440 616 1505 ad
655 1438 855 1504 effusionem
895 1439 1087 1520 sanguinis,
1118 1459 1209 1504 nunc
1245 1440 1373 1520 fiendo,

425 1559 516 1604 nunc
532 1539 697 1617 canendo,
715 1539 878 1603 acerrime
898 1537 1149 1619 1flagellabant.

475 1737 583 1803 Auno
612 1739 755 1804 Dounu
786 1753 968 1815 uocum,
1000 1745 1035 1802 et
1062 1739 1154 1820 regis
1177 1737 1372 1821 Anglorum

349 1831 355 1845 '
425 1839 588 1903 Edwardi
614 1839 707 1903 tertii
733 1854 839 1915 XXV„
853 1837 1063 1916 willielmus
1084 1838 1126 1901 de
1153 1839 1372 1922 Edyngtone,

423 1937 672 2005 wintoniensis
702 1937 895 2020 episcopus,
923 1937 977 2000 vir
1004 1955 1141 2020 magnae
1168 1939 1371 2020 prudentiae,

424 2037 537 2102 sactus
562 2037 796 2103 thesaurarius
822 2035 971 2118 Angliae,
994 2039 1206 2119 excogitavit
1229 2047 1264 2102 et
1290 2039 1372 2104 lecit

423 2137 571 2219 insculpi
604 2156 730 2201 novam
761 2143 948 2212 monetam,
970 2137 1113 2214 scilicet,
1144 2139 1303 2219 grossum
1336 2147 1372 2205 et

423 2237 599 2301 dimidium
620 2256 790 2318 grossum,
811 2236 854 2299 ad
879 2253 1042 2316 magnam
1062 2236 1250 2301 utilitatem
1266 2235 1373 2320 regis,

342 2404 345 2414 ¹
424 2356 495 2400 non
521 2337 800 2414 communitatis3
826 2335 908 2417 quia
930 2355 974 2399 ex
999 2344 1085 2426 post
1099 2337 1214 2400 omnia
1234 2338 1372 2402 venalia

425 2436 559 2500 'cariora
585 2455 661 2501 esse
689 2443 878 2518 coeperunt.
932 2435 1090 2517 Operarii
1118 2435 1247 2514 autem,
1264 2445 1299 2501 et
1320 2457 1372 2500 ar-

425 2535 534 2599 tifices
561 2534 760 2612 servientes
793 2533 986 2598 callidiores
1014 2541 1051 2599 et
1072 2534 1372 2615 fraudulentiores,

424 2634 502 2716 plus
519 2634 634 2710 solito,
652 2633 811 2717 deinceps
826 2633 938 2698 effecti
951 2632 1101 2699 fuerunt.

476 2830 585 2896 Anno
614 2833 757 2898 Donrru
782 2849 978 2911 accentu,
1004 2840 1039 2898 et
1064 2834 1156 2915 regis
1172 2832 1368 2918 Anglorum

425 2931 586 2996 Edwardi
614 2933 707 2997 tertii
732 2951 823 2997 anno
853 2933 1053 3010 xxv1.,die
1081 2934 1192 2997 suncti
1220 2934 1370 3015 Nicolai,

424 3031 510 3095 obiit
535 3051 627 3114 papa
645 3030 806 3095 Clemens
824 3039 964 3112 sextus;
988 3039 1024 3097 et
1046 3033 1114 3096 cito
1137 3041 1217 3115 post
1242 3034 1371 3100 electus

424 3137 478 3194 est
507 3130 542 3193 in
575 3150 700 3213 papam
729 3130 937 3214 Stephanus,
971 3131 1142 3195 Ostiensis
1177 3135 1370 3218 episcopus,

422 3248 579 3294 summus
594 3231 871 3313 poenitentiarius
894 3230 1023 3294 domini
1039 3250 1151 3314 papae,
1168 3240 1203 3297 et
1225 3243 1369 3300 vocatus

423 3334 478 3392 est
507 3328 730 3394 Innocentius
754 3336 886 3393 sextus,
938 3329 1018 3408 Quo
1044 3331 1148 3394 etiam
1174 3351 1264 3397 anno
1296 3342 1370 3399 erat

422 3433 550 3510 magna
590 3429 731 3493 caristia
771 3447 884 3492 rerum
917 3428 1100 3506 venalium,
1134 3437 1170 3495 et
1209 3433 1366 3514 quaedam

422 3525 527 3608 duplo
570 3527 753 3611 plusquam
784 3528 943 3593 solebant
973 3527 1238 3612 ²-reuderentur3
1273 3532 1366 3596 mare

423 3625 528 3689 etiam
549 3634 584 3690 et
610 3634 703 3690 terra
727 3627 898 3698 steriliora
923 3647 997 3691 esse
1018 3637 1207 3711 coeperunt.

474 3724 605 3788 Eodem
643 3745 734 3790 anno
779 3727 937 3790 dominus
977 3726 1118 3811 Haymo
1148 3727 1365 3812 ³Attehethe,

454 3931 463 3964 ¹
475 3934 526 3982 For
535 3933 632 3984 further
642 3935 793 3996 particulam
804 3935 834 3984 of
840 3935 882 3984 the
906 3935 991 3996 nately
1001 3935 1062 3999 they
1072 3937 1146 3987 made
1162 3952 1196 3988 no
1212 3946 1326 3991 converte
1341 3942 1367 3989 in

418 4004 509 4066 heresy
520 4005 549 4053 of
561 4003 604 4054 the
615 4003 779 4068 Flagellanta
797 4004 882 4052 which
908 4005 1034 4067 England.

418 4075 472 4122 first
480 4074 554 4123 made
562 4075 595 4124 its
605 4071 763 4136 appearance
773 4075 800 4122 in
808 4073 882 4122 Hun·
941 4071 952 4104 ¹
968 4075 1148 4138 ‘viderentur,'
1166 4077 1227 4127 MS.

418 4158 489 4206 gary,
508 4144 558 4192 and
578 4144 670 4205 spread
687 4158 748 4192 over
764 4144 807 4193 the
818 4148 882 4193 west
941 4140 952 4171 ³
967 4144 1014 4194 te.
1026 4145 1122 4208 Heath‚
1137 4161 1166 4195 or
1176 4147 1261 4196 rather
1271 4149 1366 4211 Hythe.

418 4214 448 4261 ol
463 4213 574 4276 Europe,
596 4228 639 4262 see
657 4214 738 4262 Wals.
758 4217 815 4276 119,
831 4214 882 4262 and
906 4213 968 4264 This
978 4215 1069 4276 bishop
1082 4214 1192 4265 founded
1205 4217 1247 4266 the
1259 4218 1367 4282 hospital

422 4282 563 4345 Avesbury,
574 4298 618 4345 pp.
631 4287 688 4346 179,
701 4287 756 4332 180.
793 4285 882 4333 Fortu·
906 4283 935 4332 of
943 4284 980 4334 St.
989 4285 1176 4336 Bartholomew
1186 4291 1213 4336 at
1224 4288 1320 4349 Hythe.
