3164 5054
536 513 756 562 cuaoruoorr.
1076 505 1118 568 51

165 667 249 732 mini
275 668 407 750 Rogeri
431 668 473 732 de
496 667 754 747 Mortuo-mari,
779 672 839 754 qui
859 672 1013 754 perfecto
1038 675 1118 739 odio

165 769 288 833 oderat
309 768 399 846 illos,
416 775 452 832 et
467 768 567 852 cujus
585 771 764 834 consilium
781 771 902 854 regina
925 775 1117 855 peremnia

165 869 386 950 sequebatur.

216 965 346 1031 Postea
360 987 444 1033 voro
456 967 549 1050 apud
565 967 809 1032 Herefordiam
826 969 986 1035 dominus
1005 970 1116 1056 Hngo
1128 986 1174 1025 The
1184 996 1278 1046 aanor

164 1065 358 1149 Dispenser
374 1066 478 1144 filius,
500 1063 576 1131 siue
595 1068 829 1150 responsione,
845 1069 912 1133 fuit
934 1071 1036 1135 morti
1052 1069 1115 1136 ad·
1127 1036 1272 1126 mim

158 1165 348 1248 judicatus,
380 1174 525 1243 tractus,
557 1184 758 1249 suspensus,
787 1167 991 1246 decollatus,
1016 1179 1051 1235 et
1079 1172 1115 1235 in

162 1272 313 1346 quatuor
329 1273 447 1348 partes
466 1265 686 1348 ¹separatus3
712 1267 813 1351 cujus
828 1276 935 1350 caput
952 1268 1019 1333 suit
1035 1270 1115 1335 mis·

162 1383 240 1427 sum
264 1365 308 1428 ad
332 1373 472 1447 pontem
495 1365 696 1443 Londoniee,
714 1374 750 1430 et
769 1374 920 1450 quatuor
938 1372 1114 1450 quarteria

162 1464 207 1527 ad
224 1471 377 1546 quatuor
392 1473 509 1548 partes
526 1463 676 1548 Angliee.
699 1462 800 1532 2Fuit
814 1467 918 1531 etiam
936 1466 1054 1532 Simon
1071 1470 1113 1534 de

165 1563 338 1646 Redingis
368 1571 500 1629 tractus
533 1573 569 1629 et
599 1581 809 1647 suspensus:
844 1566 905 1630 sed
937 1566 1114 1633 Robertus

163 1661 314 1740 Baldok,
326 1671 406 1746 post
423 1665 550 1728 multas
565 1664 804 1742 contumelias,
816 1667 883 1730 fuit
897 1668 1027 1730 carceri
1041 1669 1114 1750 epi-

163 1762 262 1844 scopi
279 1763 497 1828 Heresordiae
511 1763 689 1841 liberatus,
713 1765 771 1828 ubi
787 1765 916 1829 mansit
935 1783 1046 1848 usque
1067 1768 1116 1831 ad·

162 1861 289 1926 festum
313 1860 570 1927 Purificationis
593 1861 718 1945 ³[anno
740 1864 916 1946 proximo]
940 1865 995 1928 vel
1016 1865 1113 1930 circi-

165 1967 238 2035 ter3
258 1968 294 2026 et
311 1961 592 2045 tuncepiscopus
609 1961 827 2026 Herefordiae
841 1961 922 2030 fecit
938 1981 1015 2028 eum
1032 1964 1110 2029 duci

165 2059 365 2126 Londonias
380 2062 424 2125 ad
442 2081 531 2126 eum.
578 2060 649 2125 Ubi
664 2060 924 2127 Londonieuses
940 2062 1052 2144 ipsum
1069 2064 1113 2128 de

162 2160 323 2224 custodia
338 2161 491 2244 episcopi
506 2159 739 2226 *conniventis
754 2168 955 2245 rapuerunt,
968 2171 1003 2226 et
1020 2163 1112 2245 apud

165 2258 339 2342 Newgate
365 2280 443 2325 eum
471 2261 787 2338 incarceraverunt,
813 2260 1113 2345 inhumaniterqne

163 2365 428 2438 tractaverunt3
455 2361 543 2424 adeo
564 2360 657 2441 quod
681 2361 912 2443 postmodum,
930 2361 1023 2425 circa
1042 2361 1112 2426 fes·

163 2466 236 2522 tum
254 2457 478 2523 Ascensionis
496 2459 651 2537 Dorssru,
664 2459 752 2523 obiit
767 2461 804 2523 in
820 2461 1010 2525 tormentis.

215 2557 354 2640 Regina
365 2575 461 2636 vero,
471 2558 643 2642 expeditis
661 2559 859 2642 praemissis,
870 2578 908 2624 se
923 2559 1113 2639 transtulit,
1123 2562 1247 2611 imm

1123 2613 1229 2652 adrauou

162 2676 241 2720 oum
260 2657 333 2722 filio
349 2675 414 2722 suo
428 2665 463 2723 et
477 2657 615 2723 domino
632 2658 789 2723 Roberto
805 2659 847 2722 de
868 2658 1112 2724 Mortuo-mari
1122 2662 1219 2752 iffi

164 2764 202 2821 et
218 2755 308 2834 aliis,
319 2777 441 2822 versus
454 2765 573 2840 partes
589 2757 861 2835 londonienses,
877 2760 937 2823 ubi
952 2759 1022 2824 cito
1032 2767 1113 2842 post

163 2855 396 2939 Epiphaniam
416 2857 499 2922 fecit
521 2875 628 2922 uuum
649 2857 916 2941 parliamentum
937 2859 1057 2934 teneri,
1075 2859 1118 2922 in·

199 3038 205 3066 ¹
224 3039 354 3103 ‘divisura’
371 3041 470 3102 Maga,
480 3041 565 3104 Caro„
575 3040 625 3090 aud
685 3036 696 3066 ¹
711 3039 719 3067 ‘
727 3039 766 3090 Oi
772 3040 823 3090 this
832 3037 998 3103 pugnum
1007 3041 1113 3104 Fabiau,

162 3111 239 3174 Nero,
249 3110 284 3162 D.
295 3123 322 3162 x,
650 3109 686 3159 ‘a
706 3109 837 3171 vercyiyer
857 3110 931 3159 made
952 3110 1040 3172 theyse
1062 3114 1114 3160 two

650 3193 738 3241 versys
749 3179 900 3242 iollowynge
910 3195 917 3228 ε

325 3275 421 3324 ‘Funis
431 3289 489 3324 cum
499 3273 576 3336 lignis
586 3289 603 3323 a
613 3278 647 3334 te,
657 3274 743 3335 mirer,
753 3273 822 3322 ensis
832 3278 859 3324 et
868 3273 943 3336 ignis,

339 3345 428 3407 lingo,
438 3344 544 3406 oeourir,
554 3357 636 3406 equus
646 3343 751 3393 abstulit
761 3357 834 3392 omne
844 3343 932 3394 mus.

159 3435 505 3500 ‘Whieheversys,totbem
516 3437 571 3486 that
579 3452 624 3486 ιιι-
649 3451 720 3499 wyse
752 3437 784 3487 be
813 3437 958 3502 expownyd
987 3451 1016 3486 or
1045 3437 1113 3500 Eng-

159 3507 294 3557 rlerstande
304 3521 338 3556 no
354 3507 443 3570 Lateo,
452 3521 526 3569 maye
536 3505 563 3556 in
573 3506 624 3556 this
649 3505 771 3569 lyssirydr

227 3581 312 3651 ‘With
321 3616 396 3663 repes
406 3616 473 3651 were
484 3601 544 3650 thou
555 3600 665 3664 bounde,
676 3601 769 3650 audon
780 3599 822 3650 the
834 3599 941 3664 gellowe
951 3599 1042 3663 louge,

243 3671 302 3721 And
313 3671 376 3720 from
386 3669 432 3733 thy
441 3671 509 3733 body
520 3671 595 3732 tbyne
608 3670 658 3720 hed
668 3671 731 3720 witb
742 3671 840 3720 swerde
851 3685 905 3720 was
917 3667 998 3733 lrytte,

243 3739 300 3803 'l'hy
310 3739 432 3802 bowellye
442 3740 469 3789 in
479 3740 521 3790 the
532 3739 587 3802 syre
597 3755 665 3790 were
675 3737 779 3803 throwe,
790 3740 841 3790 aud
851 3737 950 3801 burnyd
960 3739 1043 3802 louge,

243 3879 313 3929 With
324 3880 397 3929 horre
407 3879 492 3930 before
502 3881 617 3942 drawym
627 3880 693 3929 lewe
703 3894 760 3929 men
773 3884 899 3942 pyteynge
909 3880 938 3929 it.

243 3951 313 4000 'Ibus
323 3949 386 3998 with
397 3949 467 3998 these
477 3954 627 4012 tormentys,
637 3949 675 3998 ior
686 3948 731 4011 thy
742 3949 843 4010 synnys'
855 3947 927 4009 eolre,

244 4019 318 4069 From
328 4019 380 4081 the,
390 4018 521 4081 wretolryd
532 4017 622 4082 Hugh,
632 4017 667 4068 all
677 4017 775 4079 wordly
785 4013 877 4066 welthe
888 4029 943 4064 was
953 4011 1032 4063 taire?

356 4089 475 4138 Fabian’s
486 4087 664 4139 Concordnuae
675 4088 704 4137 os
712 4087 853 4145 Histories;
870 4085 911 4133 Sir
922 4083 959 4134 H.
972 4083 1058 4132 Ellis's
1069 4083 1110 4134 ed.

195 4251 305 4302 Manuo
333 4252 455 4315 proximo'
486 4269 529 4302 are
560 4251 622 4302 from
685 4246 913 4310 ⁴‘convenientes,'
925 4246 1057 4306 Holl’ard,

160 4325 312 4374 Boniti&
890 4363 893 4368 .

929 4409 971 4454 eb
