3134 5046
461 485 527 549 158
805 502 837 549 Α.
859 501 1075 550 uuarunru.

299 673 428 773 {m
439 659 629 764 tindigenae
644 677 747 740 quam
767 658 990 740 alienigenae,
1013 657 1057 721 ad
1080 658 1292 740 acceptanda
1312 658 1412 721 bene-

297 736 439 834 nennrre'
460 759 538 822 ficia
570 759 607 821 in
639 778 746 840 regno
776 765 895 822 nostro
928 758 1066 840 Angliae
1095 777 1157 839 per
1186 758 1300 821 bullas
1333 777 1412 839 per-

299 834 375 862 Μ
459 859 589 941 plures,
613 859 750 921 nomine
772 858 942 921 dictorum
959 857 1186 922 cardinalium
1206 865 1241 922 et
1264 857 1411 920 aliorum

461 959 702 1041 praedictorum
734 958 928 1034 constituti,
959 977 1001 1021 ac
1029 957 1134 1021 etiam
1166 956 1319 1020 nonnulli
1351 956 1412 1019 alii

397 1101 400 1106 -
461 1059 670 1140 provisores,
706 1063 776 1121 tam
804 1057 1006 1138 alienigenae
1032 1075 1137 1139 quam
1159 1057 1342 1138 indigenae,
1367 1056 1411 1118 de

461 1157 557 1221 curia
597 1158 768 1231 Romana,
809 1163 983 1238 praetextu
1028 1156 1220 1238 gratiarum
1256 1154 1321 1218 sibi
1365 1155 1409 1217 ad

462 1256 604 1320 eandem
635 1257 765 1320 curiam
798 1256 979 1332 factarum,
1010 1275 1074 1319 nos
1104 1261 1140 1319 et
1165 1255 1226 1339 jus
1252 1262 1409 1319 nostrum

462 1353 621 1437 ¹regium,
644 1375 685 1419 ac
709 1355 792 1438 jura
813 1356 988 1445 comitum,
1011 1357 1191 1430 baronum,
1215 1371 1408 1436 procerum,

460 1463 495 1520 et
510 1455 765 1519 communitatis
780 1454 862 1519 dicti
888 1456 986 1537 regni
1009 1455 1131 1530 nostri,
1148 1454 1351 1536 impugnare
1374 1461 1409 1518 et

460 1575 523 1637 pro
551 1555 681 1618 viribus
714 1553 892 1618 adnullare
922 1554 1170 1630 machinantes,
1203 1552 1408 1635 praedictum

459 1674 602 1736 regnum
621 1661 776 1718 nostrum
792 1653 931 1735 Angliae
948 1661 1030 1718 sunt
1046 1653 1202 1734 ingressi,
1217 1672 1279 1734 per
1293 1652 1407 1715 bullas

459 1754 653 1835 praedictas
668 1760 703 1818 et
716 1754 804 1817 alias
816 1753 935 1817 literas
949 1761 986 1817 et
1002 1754 1205 1817 monitiones
1224 1753 1268 1815 ad
1283 1771 1407 1815 execu-

404 1871 406 1874 ·
459 1854 571 1918 tiones
594 1853 778 1920 eorundem
802 1853 976 1918 faciendas
988 1853 1087 1918 vobis
1111 1851 1355 1928 liberaverunt,
1372 1858 1408 1914 et

458 1972 532 2026 vos
551 1973 593 2017 eo
613 1959 799 2036 praetextu,
818 1952 945 2034 placita
970 1971 1086 2020 coram
1109 1951 1208 2015 vobis
1225 1958 1353 2028 tenere,
1371 1958 1407 2014 et

457 2053 573 2116 varios
588 2071 780 2135 processus,
807 2071 848 2115 ac
866 2052 935 2116 alia
950 2051 1048 2116 nobis
1064 2059 1099 2115 et
1116 2069 1251 2115 coronae
1267 2057 1406 2126 nostrae,

458 2170 499 2215 ac
522 2153 717 2228 comitibus,
734 2152 931 2227 baronibus,
946 2152 1156 2233 proceribus,
1171 2158 1209 2229 et
1223 2150 1289 2214 toti
1314 2169 1409 2214 com-

457 2253 620 2315 munitati
650 2251 805 2335 eJusdem
833 2251 930 2332 regni
963 2249 1223 2334 praejudicialia‚
1263 2249 1300 2312 in
1339 2249 1406 2313 bac

458 2358 569 2432 parte,
596 2348 609 2394 ²
615 2396 1003 2416 ...............
1021 2351 1057 2414 in
1089 2349 1199 2413 nostri
1227 2355 1406 2431 contemp-

459 2457 545 2526 tum,
580 2458 615 2514 et
659 2450 768 2514 nostri
807 2469 848 2513 ac
892 2469 1027 2514 coronae
1065 2455 1204 2525 nostrae,
1234 2448 1404 2513 dictorum

458 2549 633 2624 comitum,
664 2551 910 2631 baronumque,
934 2568 1125 2631 procerum,
1155 2557 1189 2612 et
1217 2549 1406 2612 communi-

460 2648 542 2737 tatis
575 2656 703 2712 nostrae
742 2648 1092 2725 exhaereditationem,
1133 2655 1168 2711 et
1201 2654 1314 2711 status
1351 2667 1406 2711 ec-

459 2746 573 2810 clesiae
609 2745 811 2830 Anglicanae
848 2747 1101 2830 depressionem
1117 2747 1347 2822 manifestam,
1370 2755 1405 2810 et

458 2853 579 2910 contra
604 2847 674 2910 Dnr
699 2847 926 2924 voluntatem,
952 2867 993 2911 ac
1016 2848 1108 2929 piam
1143 2845 1401 2928 dispositionem

458 2946 677 3011 fundatorum
710 2947 954 3011 beneficiorum
986 2947 1185 3021 eorundem,
1216 2952 1251 3008 et
1282 2951 1404 3009 contra

458 3045 601 3109 formam
632 3047 888 3128 provisionum,
904 3047 1170 3121 ordinationum,
1204 3045 1403 3108 concordia-

458 3165 545 3223 rum,
577 3153 612 3209 et
635 3147 957 3222 considerationum,
985 3152 1056 3209 tam
1081 3153 1235 3226 tempore
1260 3144 1402 3207 celebris

457 3247 629 3309 memoriae
672 3245 800 3309 domini
843 3244 1003 3308 Edwardi
1040 3245 1132 3325 regis
1166 3241 1317 3324 Angliae‚
1345 3245 1403 3307 avi

458 3346 576 3419 nostri,
612 3345 647 3406 in
690 3345 918 3426 parliamento
959 3363 1031 3408 suo
1061 3342 1154 3424 apud
1196 3343 1402 3418 Karliolum,

457 3461 561 3524 quarn
591 3444 626 3505 in
642 3444 764 3507 ultimo
789 3443 1016 3525 parliamento
1040 3449 1159 3507 nostro
1177 3443 1269 3526 apud
1286 3443 1404 3506 West·

456 3543 711 3618 monasterium,
729 3550 837 3620 tento,
860 3543 1030 3606 factarum
1045 3563 1053 3620 ;

507 3640 619 3716 ‘Nos
636 3642 737 3705 dictae
761 3642 913 3705 ecclesiae
930 3641 1147 3724 Anglicanae,
1165 3661 1206 3705 ac
1233 3642 1353 3719 nostri,
1372 3651 1407 3707 et

456 3759 591 3803 coronae
608 3748 747 3818 nostrae,
766 3748 799 3804 et
817 3742 935 3822 populi
952 3742 1048 3823 regni
1065 3742 1174 3804 nostri
1190 3741 1283 3824 jura,
1302 3750 1406 3824 prout

455 3839 602 3902 vinculis
624 3840 813 3922 juramenti
832 3841 1068 3921 astringimur,
1083 3840 1193 3903 illaesa
1210 3842 1406 3918 observare,

455 3947 490 4002 et
520 3941 763 4020 impugnantes
790 3958 905 4002 eorum
934 3939 1039 4022 juxta
1061 3959 1202 4002 snorum
1228 3940 1406 4019 demerita,

455 4057 497 4101 ac
543 4039 687 4102 sormam
728 4047 762 4104 et
799 4045 950 4103 tenorem
987 4039 1235 4121 provisionum,
1271 4041 1408 4104 ordina·
1491 4079 1494 4086 ·

556 4267 562 4296 ¹
581 4265 722 4332 ‘regnum’
734 4272 794 4321 MS.
927 4267 931 4338 Ι
1053 4268 1064 4302 ⁹
1079 4271 1196 4349 Illegible
1208 4273 1234 4321 in
1246 4273 1302 4324 MS.
