3134 5046
536 515 756 564 canorucorr.
1076 500 1120 564 89

170 692 350 756 aquosam,
367 674 454 737 adeo
476 673 686 755 congelavit,
703 674 795 756 quod
819 665 897 737 tota
916 681 1009 737 terra
1025 677 1124 757 quasi

170 774 299 854 glacies
325 773 526 847 videbatur;
555 773 646 855 quod
673 773 754 854 gelu
778 773 917 836 duravit
943 773 1122 838 duodecim

171 873 396 954 septimanas,
425 873 512 936 adeo
542 872 633 954 quod
660 873 775 936 omnia
798 872 929 936 semina
951 872 1124 955 hyemalia

171 971 273 1053 quasi
302 971 509 1035 mortificata
533 970 693 1036 fuerunt:
720 972 771 1034 ita
796 971 889 1053 quod
917 971 952 1034 in
979 971 1123 1050 Martio,

170 1069 297 1153 Aprili,
324 1079 360 1134 et
390 1071 498 1153 Mayo
536 1063 637 1153 quasi
667 1071 763 1133 nulla
802 1078 1049 1152 apparuerunt,
1088 1078 1124 1134 et

172 1171 324 1234 maxime
354 1169 390 1233 in
425 1170 574 1234 vallibus
607 1170 792 1252 pinguibus
835 1177 870 1233 et
910 1169 987 1233 aliis
1022 1171 1123 1234 bonis

172 1270 284 1332 terris.
319 1270 364 1333 Et
379 1276 495 1333 tamen
513 1269 626 1332 omnia
637 1288 766 1350 genera
781 1267 959 1332 bladorum
975 1267 1123 1352 lprocul,

171 1368 221 1430 in-
234 1368 370 1431 modico
408 1369 519 1450 pretio
547 1367 774 1445 habebantur,
804 1387 872 1431 non
900 1376 1041 1450 propter
1066 1388 1125 1432 co·

171 1468 265 1548 piam
293 1467 485 1544 bladorum,
502 1467 562 1532 sed
592 1476 733 1549 propter
753 1474 912 1530 monetae
940 1467 1123 1546 desectum,

171 1564 229 1630 ²et
259 1565 457 1649 hocusque
488 1566 530 1628 ad
564 1574 786 1640 autumnum
825 1566 886 1630 sed
918 1566 1123 1631 adveniente

174 1673 352 1741 autumno,
375 1664 559 1740 frumenta,
589 1685 667 1747 quae
698 1665 916 1730 metebantur
942 1666 978 1728 in
998 1667 1124 1730 multis

173 1765 342 1845 partibuS,
377 1784 445 1829 non
484 1762 699 1829 sufficiebant
734 1766 777 1829 ad
813 1783 941 1840 semen,
972 1772 1009 1827 et
1045 1765 1124 1829 ideo

173 1862 277 1928 blada
300 1864 497 1946 inceperant
522 1883 596 1928 esse
612 1884 705 1929 cara.

224 1963 328 2041 Item,
359 1963 424 2026 hoc
462 1982 551 2026 anno
578 1972 658 2028 ante
693 1964 921 2028 Pentecosten
954 1969 1123 2027 venerunt
1135 1981 1182 2021 ra
1190 1982 1272 2022 rena

172 2062 297 2143 piratae
337 2063 429 2143 regis
465 2063 621 2126 Franciea
664 2064 699 2126 in
740 2063 848 2145 galeis
887 2070 924 2126 et
959 2063 1123 2144 spinaciis
1135 2031 1272 2122 llllhll*
1273 2045 1285 2072 ⁶

172 2181 280 2243 prope
308 2162 559 2244 Hamptonam,
589 2170 624 2226 et
656 2163 739 2244 quia
776 2159 925 2244 patriam
954 2160 1001 2225 ibi
1037 2163 1125 2226 bene
1136 2135 1207 2221 bill?
1212 2142 1240 2172 ⁰¹¹
1249 2133 1286 2171 ‘¹¹⁰

173 2267 331 2342 paratam
358 2259 401 2324 ad
418 2260 647 2325 resistendum
662 2261 788 2324 eisdem
804 2261 977 2338 viderunt,
992 2281 1030 2324 se
1043 2281 1124 2350 prof

173 2359 267 2422 tinus
297 2366 537 2434 retraxerunt;
570 2368 606 2424 et
647 2361 730 2442 quia
760 2361 809 2423 ibi
847 2379 916 2424 non
950 2359 1125 2432 audebant
1238 2352 1243 2357 ’

172 2458 360 2540 applicare,
387 2479 450 2522 nec
478 2459 515 2522 in
546 2458 668 2523 Insula
685 2459 811 2535 Vecta,
840 2479 919 2542 quae
951 2459 1016 2523 fuit
1037 2461 1124 2524 bene

174 2557 319 2634 munita,
336 2577 373 2622 se
392 2558 642 2623 transtulerunt
658 2558 702 2622 ad
728 2555 799 2622 alia
813 2559 901 2635 loca,
916 2559 1016 2641 quasi
1028 2578 1122 2622 cam·

172 2657 316 2738 pestria,
342 2665 377 2721 et
400 2658 509 2721 multa
526 2659 619 2722 mala
641 2659 740 2739 quasi
772 2657 956 2742 latrunculi
983 2659 1124 2722 commi-

173 2763 312 2836 serunt3
336 2764 372 2821 et
385 2765 508 2838 postea
525 2757 561 2819 in
580 2757 668 2820 festo
687 2756 851 2838 Corporis
872 2755 1013 2832 Christi,
1031 2758 1123 2839 apud

174 2855 384 2938 Hastynge,
404 2856 563 2938 quaedam
580 2857 722 2938 tuguria
741 2857 952 2938 piscatorum
969 2857 1124 2920 combus-

175 2962 308 3032 serunt,
331 2963 366 3019 et
395 2955 531 3038 aliquos
557 2955 712 3019 homines
743 2955 953 3018 occiderunt.
1021 2955 1124 3032 Item,

175 3061 297 3118 contra
336 3054 485 3118 insulam
509 3054 636 3118 Taneti
663 3074 700 3118 se
732 3055 931 3117 multotiens
965 3053 1125 3117 ostende-

174 3160 266 3230 runt,
283 3161 319 3232 et
336 3161 456 3217 contra
473 3154 676 3230 Devoriam,
694 3161 730 3218 et
753 3151 856 3216 etiam
878 3160 1000 3216 contra
1018 3151 1124 3215 Folk·

174 3258 331 3326 stonam;
362 3252 423 3316 sed
454 3253 579 3316 ibidem
607 3252 718 3318 multa
748 3252 841 3315 mala
870 3251 1125 3329 confecerunt,

175 3352 241 3415 nisi
257 3357 378 3416 contra
400 3371 568 3435 pauperes
585 3353 786 3434 piscatoreS‚
804 3351 886 3434 quia
907 3351 1021 3432 patria
1038 3370 1126 3416 sem-

173 3471 237 3534 per
251 3459 376 3534 parata
397 3450 463 3515 suit
487 3441 608 3515 contra
624 3469 692 3514 eos.
746 3451 814 3514 Sed
831 3451 866 3514 in
883 3450 1038 3532 partibus
1053 3451 1125 3514 De·

175 3551 288 3614 voniae
307 3557 343 3614 et
367 3549 563 3627 Cornuhiae,
581 3557 616 3614 et
632 3568 753 3614 versus
782 3557 898 3632 partes
925 3549 1125 3627 Bristolliae,

173 3649 357 3713 nonnullas
379 3668 486 3713 naves
510 3656 674 3731 ceperunt
690 3655 725 3712 et
740 3651 1011 3728 combusserunt,
1039 3669 1127 3731 quas

175 3749 348 3813 solitarias
374 3749 591 3824 invenerunt,
616 3754 653 3812 et
678 3766 901 3831 quoscunque
938 3756 1063 3811 nautas
1092 3756 1127 3830 et

173 3848 274 3924 alios,
298 3867 386 3928 quos
412 3848 448 3911 in
478 3847 563 3929 ipsis
592 3848 808 3923 invenerunt,
826 3846 1035 3910 occiderunt.
1080 3847 1126 3921 Et

174 3947 270 4009 feriis
290 3946 404 4021 tertia,
418 3954 555 4028 quarta,
573 3954 607 4010 et
622 3947 743 4028 quinta
761 3944 982 4008 hebdomadis
998 3944 1124 4007 Pente-

175 4052 302 4121 costes,
337 4044 428 4126 apud
462 4045 652 4128 Plymouth
681 4046 717 4108 in
744 4043 915 4119 Devonia,
940 4043 1041 4106 iidem
1074 4045 1125 4124 pi-

210 4221 218 4251 ¹
237 4219 354 4284 ‘procul'
371 4224 394 4273 is
404 4225 517 4286 wanting
533 4225 559 4272 in
572 4224 636 4284 Bag.
699 4217 709 4247 ⁹
724 4219 778 4268 'l'he
790 4222 841 4267 rest
851 4219 880 4266 of
893 4217 934 4267 the
949 4220 1127 4280 paragraphis

173 4295 207 4343 Α.
218 4305 293 4344 xv111.
665 4291 777 4350 wanting
789 4290 815 4336 in
829 4289 891 4350 Reg.
903 4289 936 4338 Α.
950 4301 1026 4338 xvru.
