3164 5054
451 456 495 521 48
787 467 1058 525 naumurum.

429 685 431 688 .
452 631 647 708 secretariis
664 629 749 706 suis,
766 649 804 692 se
822 625 1000 693 transtulit
1015 647 1135 692 versus
1152 627 1358 705 Marchiam,
1369 633 1405 693 'et

452 731 549 794 venit
565 728 782 807 Glocestriae,
800 736 835 793 et
853 729 1072 811 postmodum
1091 727 1135 790 ad
1152 724 1343 809 ¹Strogoil:
1368 737 1403 792 et

451 825 581 892 dimisit
597 828 773 892 dominum
789 827 977 909 Hugonem
994 826 1185 910 Dispenser
1207 833 1341 911 patrem
1359 828 1402 890 ad

374 939 375 942 ’
451 929 644 992 custodiam
659 928 751 991 villae
774 934 809 990 et
831 927 938 992 castri
953 926 1153 1002 Bristoliiae,
1169 933 1204 990 et
1226 927 1344 1008 posuit
1365 945 1403 990 se

451 1025 505 1090 ein
525 1047 651 1110 aquam
675 1046 753 1091 cum
776 1026 917 1090 domino
936 1025 1089 1106 Hugone
1109 1025 1296 1108 Dispenser
1319 1024 1402 1101 filio,

452 1125 496 1190 R.
512 1127 555 1190 de
571 1125 720 1200 Baldok‚
737 1133 771 1189 et
785 1125 861 1188 aliis
880 1124 981 1188 valde
997 1125 1129 1205 paucis,
1147 1124 1237 1188 sicut
1259 1123 1401 1186 inferius

288 1242 430 1292 raequoen·
451 1226 656 1291 continetur
703 1224 841 1306 Regina
871 1243 954 1288 vero
978 1242 1056 1286 cum
1083 1222 1155 1286 filio
1184 1230 1219 1286 et
1248 1224 1403 1286 exercitu

287 1294 438 1384 ympno
450 1343 515 1387 suo
539 1324 787 1406 insequebatur
812 1343 874 1406 per
896 1321 1107 1396 ³Oxoniam;
1132 1321 1192 1385 ubi
1219 1322 1402 1406 episcopus

452 1422 670 1487 Herefordiae
692 1421 907 1505 praedicavit,
930 1427 1100 1504 praesente
1123 1421 1245 1502 regina
1270 1428 1309 1484 et
1329 1422 1401 1485 filio

451 1540 527 1599 suo,
545 1523 588 1585 de
605 1522 757 1586 adventu
772 1537 890 1585 eorum
914 1529 949 1585 et
964 1521 1040 1604 ejus
1056 1539 1175 1597 causa,
1193 1521 1259 1584 viz.
1278 1519 1322 1582 ad
1340 1541 1403 1584 au-

450 1621 627 1684 ferendum
657 1621 785 1685 malum
815 1620 966 1702 regimen
989 1619 1031 1683 de
1056 1639 1187 1700 regno;
1212 1617 1315 1684 ⁴item
1341 1640 1403 1701 per

451 1718 697 1796 Glocestriam,
713 1721 749 1783 in
765 1739 834 1803 quo
851 1720 929 1784 loco
944 1719 1089 1784 multum
1102 1718 1211 1784 crevit
1226 1720 1402 1783 exercitus

425 1903 427 1907 Ι
451 1818 580 1900 reginae
594 1839 656 1902 per
680 1819 868 1883 adventum
884 1819 1099 1882 dominorum
1115 1817 1158 1881 de
1177 1817 1289 1900 Perey
1306 1818 1402 1882 etde

450 1917 577 1996 Wake,
598 1926 633 1982 et
655 1918 813 1995 aliorum,
837 1919 880 1981 de
904 1919 1061 2002 partibus
1085 1917 1281 1981 borealibus
1302 1924 1338 1981 et
1358 1918 1401 1982 de

452 2019 627 2082 Marchia:
655 2013 718 2095 ⁵et,
743 2016 825 2081 dum
847 2017 913 2080 suit
929 2016 1147 2092 Glocestriee,
1172 2018 1400 2081 communitas

452 2117 549 2198 vulgi
566 2117 718 2181 civitatis
735 2115 924 2180 Londoniae
947 2116 1126 2182 mandavit
1148 2116 1278 2208 reginae
1296 2125 1401 2200 caput

452 2216 551 2279 bonae
588 2216 773 2279 memoriae*
795 2215 956 2291 Walteri,
991 2214 1197 2279 Exoniensis
1235 2215 1401 2298 episcopi,

453 2313 544 2396 quod
556 2314 623 2396 ipsi
638 2314 760 2394 quinto
775 2314 908 2379 decimo
922 2314 977 2377 die
993 2313 1163 2389 Octobris,
1173 2303 1401 2394 ⁶[Loudoniis

377 2409 383 2420 '
452 2413 486 2476 in
504 2412 638 2496 Chepe]
657 2419 892 2496 amputarunt,
909 2432 1071 2476 unacum
1088 2412 1165 2476 aliis
1181 2412 1401 2496 quibusdam,

451 2531 540 2594 quos
557 2512 721 2576 dixerunt
735 2511 810 2594 regi
824 2510 879 2576 'et
897 2512 1204 2593 Dispensatoribus
1222 2512 1401 2577 adhaeren-

450 2617 514 2674 tes.
574 2611 622 2675 Et
654 2611 774 2674 eodem
804 2610 860 2674 die
890 2617 1105 2691 occuparunt
1139 2611 1400 2676 Londonienses

484 2788 540 2840 ¹or
561 2791 706 2854 ‘Strigeilff
734 2780 792 2840 now
814 2791 914 2854 ‘Ghep
938 2808 993 2842 was
1010 2792 1075 2842 done
1097 2794 1206 2843 because
1226 2794 1258 2843 he
1276 2795 1327 2844 had
1346 2813 1402 2858 pro-

450 2861 532 2912 stow!
939 2862 1047 2911 claimed
1065 2863 1108 2912 the
1127 2869 1243 2913 sentence
1258 2865 1288 2913 of
1302 2880 1401 2914 excom·

484 2928 643 2992 vinnm,
644 2929 787 2992 '.Nero,D
800 2943 826 2980 x.
938 2932 1092 2981 manication
1108 2933 1207 2994 agarnst
1216 2947 1266 2994 any
1277 2950 1324 2983 one
1336 2951 1402 2984 com

484 2997 494 3029 ³
510 2999 669 3061 ‘Exoniamj
682 3001 757 3049 Gord.
769 3015 810 3060 ap.
823 2999 894 3049 Hali.
938 3001 982 3062 ing
992 3002 1045 3050 into
1054 3000 1097 3050 the
1110 3002 1229 3064 kingdom
1241 3004 1349 3052 without
1359 3005 1401 3054 the

484 3068 495 3100 ⁴
511 3069 615 3119 Instead
626 3069 655 3117 ot
666 3069 742 3118 ‘item
753 3083 799 3130 per
810 3068 914 3118 Gloces·
938 3069 1022 3132 king’s
1044 3072 1210 3131 permissiou3
1242 3086 1260 3120 a
1285 3080 1401 3123 sentence

449 3139 540 3201 triam,
558 3140 633 3201 Nero,
650 3139 685 3188 D.
703 3151 729 3189 x.
747 3138 793 3188 has
810 3139 914 3199 ‘postea
938 3139 997 3188 thus
1017 3141 1154 3201 especially
1170 3141 1282 3190 directed
1302 3145 1402 3205 against

449 3210 642 3270 procedentibus
669 3208 720 3256 illis
742 3222 830 3257 versus
853 3207 914 3257 Glo·
938 3208 1272 3271 thequeenandherparty.
1295 3212 1401 3276 Fabiau,

449 3277 582 3328 cestriam!
937 3278 980 3326 the
992 3278 1051 3340 Oity
1066 3279 1213 3342 chronicler,
1226 3280 1300 3330 takes
1315 3296 1331 3329 a
1345 3297 1401 3331 nar·

483 3346 553 3395 ⁵‘et
569 3346 630 3394 dum
650 3350 733 3394 essent
753 3344 913 3407 Glocestriae,
938 3361 1019 3396 rower
1042 3349 1108 3396 view
1136 3348 1165 3396 os
1184 3349 1226 3397 the
1256 3351 1347 3399 motiva
1376 3352 1404 3400 of

448 3415 614 3464 communitas
639 3415 749 3462 civitatis
775 3414 912 3463 londonia.
938 3415 980 3464 the
1014 3418 1139 3478 populace
1169 3417 1209 3466 for
1235 3417 1334 3468 further
1364 3421 1402 3468 in-

448 3484 533 3545 misie’
546 3485 621 3542 Nero,
638 3483 673 3530 D.
684 3495 720 3542 x.;
739 3483 856 3575 omitting
871 3484 913 3533 tha
937 3485 1064 3547 dignities,
1089 3486 1139 3534 aad
1163 3501 1230 3548 says,
1250 3487 1321 3537 ‘The
1344 3491 1401 3538 said

448 3554 603 3613 subsequent
613 3552 700 3600 ‘bonae
711 3552 856 3602 memoriae!
936 3554 1047 3616 bysshop
1064 3555 1115 3603 hed
1131 3556 1215 3636 begua
1236 3561 1261 3604 to
1284 3557 1369 3619 edifye
1385 3573 1401 3606 a

483 3618 591 3670 ⁶'l'hese
602 3621 687 3670 words
705 3636 748 3670 are
760 3621 822 3669 from
835 3622 912 3684 Nero,
937 3628 1016 3685 toure,
1036 3625 1086 3672 end
1103 3624 1196 3674 there'
1189 3641 1215 3673 m
1226 3625 1268 3674 the
1280 3629 1401 3677 rubbishe

449 3691 484 3739 D.
513 3706 553 3740 x.-
581 3690 608 3717 ‘
601 3705 627 3737 m
657 3690 721 3752 loco,
745 3691 789 3751 qui
819 3691 913 3739 dicitur
937 3693 987 3740 aud
998 3693 1075 3742 sande
1088 3693 1117 3740 os
1124 3693 1166 3742 the
1186 3709 1255 3742 same
1267 3695 1310 3744 the
1326 3698 1401 3758 bury-

448 3759 553 3823 Ohepe,'
564 3759 628 3808 after
638 3759 680 3808 the
690 3757 912 3820 date‘Octobms
936 3762 969 3810 ed
990 3762 1059 3822 him,
1081 3763 1166 3812 which
1185 3763 1284 3825 despite
1302 3767 1399 3814 tobim

450 3831 526 3878 θανά.
540 3845 582 3890 ap.
595 3829 657 3877 Hali
659 3830 798 3878 —Walter
814 3829 911 3890 Staple·
936 3845 990 3880 was
1007 3831 1096 3893 doone,
1114 3832 1153 3881 sor
1169 3847 1198 3881 so
1214 3833 1351 3929 mucheas
1368 3836 1399 3884 he

447 3903 499 3960 tou,
521 3899 611 3961 bishop
633 3898 663 3946 of
678 3899 781 3960 Ereter,
796 3913 851 3947 was
868 3899 910 3948 the
935 3899 986 3948 had
1023 3902 1138 3962 usurpyd
1174 3902 1204 3949 of
1235 3896 1314 3950 the
1311 3919 1399 3953 comon

447 3969 677 4031 king’streasurer.
714 3968 757 4016 He
767 3983 823 4016 was
833 3968 911 4030 hang·
935 3969 1047 4030 grounds
1059 3970 1142 4018 ottho
1157 3972 1223 4032 cytis
1241 3973 1267 4018 in
1285 3979 1398 4035 settynge

446 4039 488 4100 ed,
510 4039 645 4100 according
671 4043 697 4086 to
720 4037 832 4100 Higden,
854 4039 909 4102 (ap.
935 4039 1090 4099 otthesayd
1101 4041 1196 4090 towns!
1216 4041 1248 4090 P.
1260 4044 1317 4092 429.

447 4107 585 4169 Knighton,
605 4108 640 4156 X.
662 4107 753 4169 Script
774 4102 863 4172 2545‚)
883 4113 910 4156 at
968 4103 1123 4158 ⁷Holi'sed.
1132 4111 1221 4159 omits‘
1229 4111 1400 4173 etDispensa·

445 4176 488 4225 the
513 4177 585 4225 north
615 4181 672 4237 gato
699 4177 728 4224 os
753 4177 788 4226 St.
810 4177 907 4227 Paul’.s
933 4178 1047 4238 toribus,'
1063 4178 1148 4227 which
1167 4193 1210 4227 are
1226 4181 1312 4247 found,
1330 4183 1400 4231 how·

447 4245 576 4321 Knighton
595 4242 681 4310 (ibid.)
700 4260 759 4306 says
782 4245 836 4293 that
858 4246 908 4295 this
933 4261 1000 4308 ever,
1011 4248 1037 4294 in
1049 4248 1083 4295 all
1094 4248 1136 4296 the
1148 4249 1220 4298 other
1231 4250 1305 4299 Mss.
