3146 5038
439 480 505 548 lec
771 495 806 548 A.
831 495 1046 546 conrnune.

275 671 365 711 mnu
376 681 445 720 soe,
487 654 569 733 Quo
601 673 704 730 anno,
732 653 825 718 circa
853 651 1059 735 principium
1086 651 1393 720 mensistovem-

275 721 407 811 fflill'sw
438 755 522 832 bris,
559 773 622 818 rex
654 752 847 818 Edwardus
887 752 1020 818 audivit
1051 751 1237 828 loannem,
1273 771 1392 834 regem

275 823 425 872 mmm
440 855 666 930 Francorum,
695 852 788 935 apud
817 851 984 916 Sanctum
1013 851 1175 917 Omerum
1202 851 1291 922 velle
1328 871 1392 914 ex-

438 962 710 1037 nectareusque
738 952 783 1018 ad
808 971 910 1017 suum
934 951 1135 1028 adventum,
1153 952 1197 1014 ad
1223 951 1392 1020 dimican-

439 1055 521 1122 dum
547 1072 623 1120 cum
648 1071 712 1131 θος
738 1050 798 1133 qui
827 1051 920 1115 illico
945 1050 1117 1117 Calesiam
1143 1050 1390 1124 transfretavit,

439 1172 519 1219 cum
539 1153 675 1222 duobus
709 1151 789 1217 filiis
821 1153 894 1217 suis
923 1149 1088 1214 Leonello
1119 1158 1154 1220 et
1182 1150 1201 1216 J
1208 1169 1319 1217 oanne
1349 1150 1392 1214 de

441 1251 575 1330 Gaunt,
612 1271 654 1316 ac
690 1251 838 1315 domino·
860 1248 1015 1316 Henrico
1046 1249 1132 1314 duce
1165 1249 1392 1326 Laneastrise,

440 1364 546 1435 atque
575 1350 758 1418 comitibus
791 1349 1107 1431 Northamptooiae,
1140 1349 1319 1427 Marchiae,
1356 1356 1393 1412 et

440 1451 648 1525 Stnffordiar,
679 1469 758 1515 oum
785 1449 863 1514 aliis
891 1449 1110 1530 magnatibus
1135 1458 1170 1517 et
1196 1448 1392 1517 homiuibus

277 1565 420 1624 buttem
440 1563 614 1617 armorum
636 1548 680 1614 ad
704 1549 772 1614 duo
795 1549 914 1613 millia.
968 1548 1047 1612 Rex
1065 1567 1147 1615 vero
1164 1549 1392 1624 Francorum,

276 1615 377 1664 mmm
440 1650 505 1716 hoc
538 1649 764 1733 perpendens
793 1649 1007 1730 consumpsit
1035 1649 1199 1713 victualia
1237 1667 1315 1725 sua,
1348 1667 1392 1712 ne

440 1749 580 1830 Anglici
604 1749 731 1814 eisdem
753 1755 942 1824 uterentur,
956 1755 993 1812 et
1008 1748 1097 1812 clam
1119 1767 1197 1812 cum
1220 1749 1293 1813 suis
1310 1749 1391 1812 abs-

440 1851 557 1916 cessit.
610 1849 722 1928 Quem
746 1849 796 1914 sic
814 1848 1001 1928 fugientem
1016 1867 1079 1910 rex
1094 1847 1285 1914 Edwardus
1300 1847 1393 1910 inse·

441 1957 542 2013 cutus
579 1956 633 2013 est
667 1967 776 2030 usque
803 1944 1001 2024 ¹Hedeum3
1042 1947 1103 2010 sed
1135 1954 1287 2029 propter·
1309 1947 1392 2010 rari-

443 2057 550 2116 tatem
570 2048 772 2114 victualium
798 2066 918 2111 versus
941 2045 1113 2112 Calesiam
1142 2047 1255 2123 rediit,
1282 2054 1393 2114 totam

441 2149 590 2230 patriam
607 2167 668 2230 per
686 2164 724 2212 x.
742 2147 816 2212 dies
833 2145 1015 2214 vastando.

280 2261 397 2349 russea
493 2248 540 2312 Et
563 2248 644 2316 dum
671 2248 745 2312 haec
768 2252 965 2328 agerentur,
982 2244 1078 2313 Scoti
1096 2244 1239 2314 subdole
1256 2252 1293 2314 et
1310 2265 1393 2314 noce

280 2321 409 2450 {ms
443 2356 546 2412 turno
584 2354 738 2429 tempore
766 2350 931 2427 ceperunt
963 2344 1082 2407 villam
1115 2345 1157 2407 de
1188 2344 1391 2422 Berewick;

300 2421 383 2450 Μ’
443 2445 617 2514 ioastium
646 2455 760 2511 tamen
792 2444 947 2528 ejusdem
979 2444 1144 2511 remansit
1173 2445 1209 2513 in
1235 2445 1394 2510 custodia

442 2545 658 2628 Anglorum:
684 2547 729 2612 cb
755 2563 859 2628 quam
882 2562 1022 2608 causam
1054 2563 1116 2614 rex
1140 2543 1333 2611 Edwardus
1359 2546 1394 2609 in

443 2643 607 2726 Angliam
637 2652 690 2712 est
718 2663 899 2722 reversus3
938 2651 986 2720 et,
1017 2643 1128 2712 accito
1165 2644 1395 2726 parliamento

443 2744 537 2826 apud
552 2744 911 2819 Westmonasterium,
937 2761 1138 2810 eoncessum
1162 2751 1239 2810 erat
1267 2744 1312 2820 ei,
1339 2747 1396 2826 [ut

442 2845 602 2927 haberet]
630 2846 673 2912 de
695 2844 850 2927 quolibet
873 2861 975 2908 sacco
1001 2842 1103 2920 lanae,
1120 2861 1182 2924 per
1203 2863 1266 2909 sex
1285 2863 1395 2910 annos

443 2945 603 3026 proximo
633 2951 829 3030 sequentes,
846 2940 1119 3026 ³quinquaginta
1135 2943 1276 3011 solidos.
1329 2943 1395 3008 Eo·

351 3057 353 3061 ’
444 3043 521 3108 dem
544 3064 644 3122 armo,
664 3049 725 3110 v11.
743 3043 821 3106 idus
840 3042 1014 3119 Ianuarii,
1032 3049 1134 3108 natus
1161 3050 1214 3106 est
1236 3043 1311 3124 regi
1329 3043 1395 3109 Ed-

444 3144 573 3221 wardo,
590 3144 682 3228 apud
699 3140 928 3218 Woodetock,
942 3140 1100 3209 domiuus
1117 3142 1281 3210 Thomas.

281 3361 395 3400 ineos
497 3340 604 3409 Anao
631 3341 772 3408 Douma
797 3357 1000 3416 ccccxvi,
1031 3349 1065 3409 et
1090 3343 1182 3423 regis
1202 3340 1397 3422 Anglorum

282 3416 361 3450 ῐθβῐθῐθ

281 3460 424 3548 {gyffard
448 3441 607 3508 Edwavdi
638 3441 729 3506 tertii
767 3459 856 3506 anno
882 3457 993 3517 xxx,
1024 3457 1106 3506 x111.
1138 3442 1194 3508 die
1224 3441 1396 3518 lanuarii,

283 3559 410 3618 veronus.
446 3541 520 3620 regi
537 3539 709 3606 Edwardo
736 3541 771 3604 in
801 3549 915 3608 castro
944 3540 986 3604 de
1013 3540 1191 3608 Berewick
1220 3542 1397 3618 existenti,

283 3609 411 3748 {gilium
445 3641 520 3704 sinc
534 3638 678 3714 insultu,
693 3639 827 3707 reddita
842 3647 896 3706 est
912 3639 994 3706 villa
1010 3639 1164 3722 ejusdem
1180 3659 1241 3722 per
1251 3640 1395 3716 Scotos;

323 3720 342 3758 ⁸'
447 3746 482 3802 et
512 3737 694 3804 confestim
727 3746 861 3821 postea,
895 3755 986 3804 xxv,
1022 3739 1077 3802 die
1103 3739 1274 3817 Januarii,
1306 3742 1399 3823 apud

449 3837 702 3919 Rokesbourgh
737 3839 895 3922 dominus
935 3839 1125 3907 Edwardus
1158 3839 1298 3916 Balllol‚
1335 3861 1399 3907 rex

448 3938 586 4016 Scotiae,
612 3957 755 4019 regnum
781 3945 815 4001 et
834 3957 994 4005 eoronam
1015 3938 1140 4006 Scotim
1163 3939 1343 4006 transtulit
1365 3941 1400 4004 in

483 4175 493 4273 ἒ
510 4177 527 4226 i.
540 4192 561 4226 e.
576 4175 687 4226 Hesdin.
974 4206 984 4235 ³
1003 4208 1077 4258 Q,
1095 4209 1171 4259 Μ.

508 4245 711 4306 SeeAvesbury,
723 4248 865 4294 aee—238.
1061 4244 1069 4272 ’
