3134 5046
429 501 494 564 136
770 515 806 564 n.
826 513 1042 562 nunrnurn.

430 671 610 740 dederunt,
636 671 695 735 ubi
735 669 835 733 multi
865 669 940 734 laesi
972 670 1121 745 fuerunt,
1154 677 1188 732 et
1228 667 1388 733 dominus¹

431 770 454 836 J
458 771 586 834 acubus
604 769 712 834 Lovel
738 771 886 836 occisus.
947 769 995 833 Et
1009 775 1196 852 expectato
1213 768 1388 852 adjutorio

432 871 743 937 confoederatorum
775 871 868 951 regis
901 866 1054 951 Angliae,
1085 869 1145 950 qui
1174 876 1255 951 post
1287 869 1387 950 quin·

432 969 555 1032 denam
580 976 767 1048 venerunt3
791 976 827 1032 et
852 968 972 1034 audito
993 988 1142 1045 rumore,
1158 969 1249 1049 quod
1278 967 1388 1031 domi-

432 1083 496 1132 nns
525 1067 679 1134 Karolus
708 1068 751 1130 de
780 1068 889 1150 Bloys
919 1067 1052 1131 veniret
1085 1068 1301 1144 festinanter,
1344 1067 1388 1130 ad

432 1168 673 1232 removendam
695 1167 907 1232 obsidionem
936 1166 1028 1230 villae
1051 1175 1087 1230 et
1104 1168 1210 1231 castri
1230 1167 1390 1253 praedict·

433 1286 544 1331 orum.
593 1266 640 1331 Et
675 1267 835 1331 dominus
859 1285 982 1331 comes
1010 1273 1046 1332 et
1072 1267 1126 1330 sui
1161 1273 1390 1350 expectarunt

433 1365 559 1430 ibidem
585 1386 695 1449 usque
722 1366 765 1430 ad
784 1366 874 1429 diem
897 1365 1006 1432 Lunae
1032 1366 1067 1429 in
1099 1367 1251 1431 crastino
1278 1367 1390 1433 sancti

436 1465 640 1542 Michaelis3
661 1465 802 1549 quodie
821 1466 933 1530 dictus
949 1465 1107 1529 dominus
1124 1464 1277 1530 Karalus
1296 1467 1392 1530 venit

434 1585 512 1628 cum
540 1567 695 1646 potentia
722 1584 786 1628 sua
810 1566 915 1628 trium
940 1565 1085 1628 millium
1116 1572 1340 1641 armatorum,
1356 1572 1390 1628 et

435 1663 530 1730 mille
547 1663 836 1747 ¹quingentorum
856 1663 880 1727 J
883 1665 1098 1740 anuensium,
1120 1673 1156 1728 et
1171 1665 1390 1747 popularium

435 1764 510 1830 sine
549 1784 690 1828 numero
732 1765 918 1839 aestimato,
954 1771 990 1827 et
1028 1765 1393 1846 appropinquaverunt

273 1880 405 1922 memrot
436 1883 544 1947 prope
578 1865 737 1928 comitem
771 1863 863 1927 circa
901 1863 1021 1927 boram
1062 1882 1200 1927 nonum.
1238 1864 1286 1927 Et
1300 1863 1391 1928 idem

273 1933 404 2022 lllllffis
438 1983 552 2027 comes
582 1983 659 2027 cum
696 1964 851 2047 potentia
876 1981 942 2025 sua
967 1982 1004 2026 se
1029 1963 1139 2026 traxit
1162 1981 1282 2027 versus
1320 1983 1393 2041 eos,

274 2031 409 2071 thedukeol

275 2082 387 2130 aaran
438 2063 624 2176 peditando
648 2071 785 2128 maturo
812 2081 946 2143 gressu,
976 2068 1012 2126 et
1045 2063 1151 2143 elegit
1182 2062 1246 2126 sibi
1265 2062 1392 2141 locum,

439 2163 474 2226 in
502 2182 584 2245 quo,
607 2163 688 2226 Duo
709 2162 870 2247 juvante,
896 2169 1079 2243 pugnaret,
1103 2169 1137 2226 et
1159 2161 1333 2227 interfecit
1358 2172 1394 2227 ct

439 2261 631 2344 captivavit
667 2259 853 2326 ²ducentos
881 2268 1033 2324 armatos
1067 2261 1111 2324 ad
1143 2261 1278 2346 minus;
1320 2263 1395 2344 ipse

440 2381 522 2425 vero
549 2353 663 2425 comes
693 2361 822 2425 nullam
851 2361 1036 2425 notabilem
1062 2380 1244 2442 personam
1267 2363 1394 2438 amisit,

441 2461 508 2525 nisi
535 2461 708 2524 dominum
726 2460 935 2524 Edwardum
959 2459 993 2523 le
1008 2460 1215 2542 Despeuser,
1239 2461 1299 2543 qui
1330 2461 1396 2525 suit

441 2560 642 2624 interfectus
657 2561 802 2624 ibidem:
828 2560 878 2623 ita
894 2558 1150 2642 quod,Gallicis
1167 2562 1342 2624 conversis
1359 2562 1396 2623 in

441 2659 571 2739 fugam,
589 2678 731 2742 campus
756 2679 834 2724 cum
868 2659 993 2723 comite
1017 2658 1319 2741 Northamptoniae
1341 2680 1396 2724 re-

436 2760 579 2832 mansit.

494 2858 540 2925 Et
567 2865 645 2942 post
674 2879 845 2924 recessum
878 2859 960 2924 dicti
987 2861 1122 2925 comitis
1155 2868 1190 2924 et
1222 2861 1396 2924 exercitus

441 2957 498 3024 sni
519 2978 640 3023 versus
658 2959 888 3035 Britanniam,
914 2979 976 3022 rex
987 2956 1138 3041 Angliae,
1165 2979 1241 3023 cum
1268 2979 1396 3041 magno

443 3059 598 3122 exercitu
628 3067 838 3123 armatorum
864 3065 899 3121 et
914 3059 1081 3141 peditum,
1097 3078 1135 3122 se
1152 3058 1261 3122 traxit
1277 3078 1397 3123 versus

440 3157 638 3234 Sandwich,
664 3165 854 3240 expectans
883 3157 1122 3222 reversionem
1142 3159 1295 3234 navium,
1324 3165 1396 3221 tam

440 3258 502 3334 ibi,
520 3277 623 3340 quam
642 3257 732 3339 apud
744 3256 978 3331 Winchelsee3
1002 3257 1093 3339 quod
1117 3257 1309 3339 percipiens
1333 3278 1393 3321 rex

445 3356 614 3434 Franciae,
636 3356 731 3420 misit
758 3357 948 3438 potentiam
981 3375 1080 3420 suam
1113 3376 1176 3442 per
1207 3364 1324 3438 partes
1355 3357 1397 3420 de

444 3455 582 3538 Caleys,
598 3465 633 3518 et
649 3456 799 3518 omnium
818 3463 979 3538 portuum
1005 3475 1115 3538 usque
1138 3456 1182 3519 ad
1209 3455 1398 3520 marchiam

445 3555 633 3617 Britanniae
652 3553 811 3620 Minoris.
867 3555 913 3619 Et
932 3556 1013 3637 quia
1030 3574 1136 3618 naves
1152 3553 1311 3636 Anglicae
1328 3575 1397 3618 non

440 3662 612 3716 ¹venerunt
626 3653 678 3716 ita
699 3652 781 3730 cito,
798 3653 887 3717 sicut
911 3671 972 3716 rex
989 3653 1110 3729 voluit,
1129 3655 1239 3718 traxit
1265 3673 1397 3718 moram

443 3753 479 3814 in
509 3751 635 3820 Cantia
667 3771 778 3835 usque
812 3753 856 3816 ad
887 3760 1030 3817 octavas
1062 3753 1175 3817 sancti
1202 3753 1397 3832 Michaelis

443 3848 514 3935 ³[et
537 3863 617 3916 tunc
635 3871 710 3915 cum
736 3853 828 3915 omni
846 3853 1003 3916 exercitu
1019 3872 1082 3916 suo
1098 3873 1135 3916 se
1151 3853 1261 3917 traxit
1277 3873 1398 3917 versus

433 3951 680 4028 2Portesmuth,
697 3950 739 4014 ad
762 3971 863 4033 quem
889 3951 1002 4014 locum
1029 3951 1109 4017 fecit
1133 3953 1250 4016 venire
1280 3972 1398 4016 omnes

444 4071 550 4117 naves
590 4071 677 4135 quas
704 4051 817 4133 potuit
848 4050 985 4128 habere,
1008 4057 1113 4115 vento
1142 4071 1309 4135 prospero
1340 4071 1398 4120 ex·

479 4197 486 4226 ¹
504 4201 703 4262 ‘ducentorum
716 4200 791 4263 Nero,
803 4199 837 4248 D
845 4212 869 4248 x
968 4195 978 4226 ⁸
995 4199 1071 4248 Wbat
1090 4200 1189 4249 follows
1208 4201 1231 4249 iu
1250 4202 1354 4252 omitted
1371 4203 1398 4251 in

475 4261 512 4298 Ἡ
505 4267 662 4331 ‘'becentos,
680 4269 739 4318 ibid.
925 4269 1086 4332 Nero‚D.x.
