3134 5046
550 531 770 580 curtoruoou.
1088 521 1133 585 75

175 693 290 752 tatem
330 687 468 751 Dou1u1
506 687 598 769 apud
630 687 861 770 Walingsord,
895 709 973 752 cum
1012 691 1133 773 regina

175 794 398 868 praegnante,
436 795 481 861 et,
511 787 618 851 finitis
644 787 754 865 festis,
779 787 910 852 dimisit
936 807 1011 853 cam
1040 792 1132 872 apud

177 885 400 952 Woodstock
413 887 457 956 ad
474 886 694 968 pariendum
723 894 758 951 et
775 887 849 969 ipse
866 897 946 970 post
962 889 1132 953 Purifica-

177 986 311 1049 tionem
329 987 439 1050 beatae
463 986 587 1050 Mariae
609 986 790 1050 transtulit
808 1007 846 1050 se
861 1007 982 1052 versus
999 989 1131 1052 Ebora·

178 1104 273 1161 cum,
302 1084 345 1149 ad
373 1086 556 1149 tenendum
583 1086 848 1168 parliamentum
874 1086 1011 1164 ibidem,
1039 1089 1131 1170 quod

179 1184 238 1247 die
256 1184 364 1248 Lunae
389 1184 424 1248 in
445 1185 595 1249 secunda
619 1185 833 1249 bebdomada
849 1184 1212 1273 Quadragesimaess,1¹⁰1

179 1283 370 1348 inchoavit.
414 1282 470 1348 Ad
496 1283 589 1367 quod
613 1285 877 1368 parliamentum
898 1293 1042 1351 vocatus
1067 1285 1257 1351 fuit¹“¹¹⁸⁶·²⁰

182 1382 377 1447 Edwardus
405 1403 468 1448 rex
494 1383 633 1460 Scotiae,
669 1384 730 1448 sed
771 1404 840 1449 non
862 1386 971 1463 veuit,
992 1393 1134 1469 propter
1144 1334 1263 1424 ml?

181 1482 327 1546 insidias
343 1483 557 1547 inimicorum
575 1501 729 1560 suorum,
744 1484 779 1546 in
794 1485 915 1548 insulis
926 1482 1034 1569 juxta
1049 1485 1133 1550 Sco·
1144 1445 1267 1480 sumn

184 1582 271 1646 tiam
284 1582 495 1646 latitantium
508 1602 516 1662 ;
535 1583 782 1666 propterquod
797 1583 891 1647 misit
907 1591 1133 1649 excusatores

183 1681 368 1758 solemnes,
390 1681 522 1746 scilicet
539 1681 695 1746 dominos
717 1681 766 1745 H.
786 1682 829 1746 de
849 1683 1080 1748 Bello-monte
1098 1692 1133 1748 et

183 1780 244 1845 W.
266 1779 309 1844 de
335 1780 587 1858 Monte-acuto,
616 1790 651 1846 et
677 1781 846 1863 quosdam
876 1783 965 1846 alios
990 1781 1132 1848 ¹milites

182 1899 245 1943 seu
261 1881 419 1944 barones.

238 1978 319 2043 Hoc
344 1998 449 2056 anno,
475 1979 567 2044 circa
591 1978 718 2043 festum
745 1981 857 2044 sancti
884 1979 1045 2057 Joaunis,
1070 2000 1133 2044 rex
1144 2009 1182 2048 nu
1190 2009 1263 2048 russe-

185 2077 324 2160 Angliae
351 2080 482 2162 recepit
508 2079 703 2161 homagium
729 2079 891 2144 Edwardi
913 2079 957 2142 de
982 2059 1249 2198 Bulyol,}.¹²tlilm

186 2179 279 2262 regis
291 2179 430 2256 Scotiae,
444 2179 535 2261 apud
550 2177 691 2243 Novum
704 2179 866 2243 Castrum
875 2179 1131 2262 superTinam3
1160 2169 1242 2209 Μ’·

186 2285 221 2341 et
239 2279 309 2342 oito
325 2286 447 2359 postea
463 2278 592 2360 recepit
610 2278 807 2361 homagium
825 2279 923 2344 ducis
941 2279 1133 2343 Britanniae

184 2397 249 2459 pro
271 2376 438 2441 comitatu
470 2377 740 2452 Richmundiae²;
767 2384 802 2441 et
828 2377 1048 2460 postmodum
1071 2398 1132 2442 vo·

185 2476 280 2540 cavit
302 2476 466 2558 praelatos
488 2483 524 2541 et
549 2484 742 2560 magnates
758 2477 848 2559 quod
870 2476 960 2541 infra
980 2497 1042 2541 sex
1060 2478 1132 2541 dies

185 2582 267 2659 post
292 2576 570 2640 Translationem
599 2577 710 2641 sancti
735 2576 878 2642 Thomas
906 2577 1063 2641 venirent
1088 2577 1133 2640 ad

185 2696 263 2739 eum
283 2675 375 2757 apud
394 2673 428 2739 N
432 2675 621 2758 otingham,
639 2696 701 2758 pro
725 2676 871 2741 concilio
895 2683 930 2741 et
948 2677 1025 2741 aliis
1040 2684 1132 2740 trac·

184 2776 317 2839 tatibus
337 2774 502 2838 habendis
518 2775 654 2840 ibidem.
708 2776 754 2839 Et
770 2783 851 2839 tuno
869 2776 1041 2840 ordinavit
1057 2794 1133 2862 par-

184 2874 387 2938 liamentum
414 2873 613 2952 Londoniis,
640 2881 675 2938 et
700 2875 978 2957 archiepiscopus
1005 2895 1132 2939 convo·

185 2975 281 3038 cavit
313 2973 441 3037 clerum
471 2974 595 3038 ibidem
624 2973 668 3037 ad
702 2981 860 3038 sanctum
887 2973 1050 3051 Paulum,
1077 2975 1132 3037 die
1226 3027 1230 3036 ,

186 3073 294 3137 Lunae
309 3081 388 3155 post
401 3073 526 3137 festum
538 3073 772 3138 Exaltationis
788 3081 919 3137 sanctae
928 3073 1062 3137 Crucis.
1086 3073 1132 3137 Et

186 3174 268 3255 quia
283 3171 388 3236 ³nova
399 3181 567 3237 venerunt
585 3173 627 3236 ad
646 3173 923 3255 parliamentum,
935 3172 1026 3253 quod
1038 3172 1133 3236 Sooti
1146 3201 1260 3242 neena.

185 3291 305 3336 omnes
320 3272 593 3348 insurrexerunt,
605 3278 641 3336 et
658 3278 823 3354 ceperunt
839 3270 1013 3335 dominum
1028 3271 1132 3335 Rich·
1145 3251 1284 3351 hihiltl

186 3372 308 3435 ardum
334 3371 491 3449 Talebot‚
515 3380 550 3436 et
575 3391 639 3435 sex
667 3371 754 3434 alios
779 3370 918 3448 milites,
943 3378 978 3435 et
1005 3370 1133 3436 multos
1146 3352 1206 3402 '⁰¹⁰'

185 3471 319 3554 pedites
337 3470 547 3548 occiderunt,
565 3491 627 3534 rex
645 3471 804 3552 promisit
817 3489 854 3533 se
868 3469 998 3534 iturum
1013 3489 1133 3534 versus

187 3570 352 3647 Scotiam,
376 3589 441 3651 pro
469 3569 651 3634 Scotorum
676 3570 810 3634 malitia
835 3569 1073 3646 refraenanda3
1098 3576 1134 3634 et

184 3669 335 3753 populus
345 3669 514 3733 concessit
528 3667 594 3733 sibi
607 3685 667 3732 xv.
685 3667 860 3734 denarium
878 3668 921 3733 de
934 3669 1133 3751 temporali·

220 3908 229 3939 ¹
246 3911 370 3960 ‘barones
386 3923 432 3959 sen
445 3905 557 3973 milites‚’
572 3910 647 3960 Curd.
673 3909 747 3970 false,
757 3908 826 3970 quod
836 3909 904 3958 idem
921 3921 1005 3958 comes
1021 3921 1079 3958 cum
1090 3909 1134 3957 do-

184 3996 228 4042 ap.
243 3980 312 4028 Hau.
673 3981 741 4029 mino
751 3994 810 4040 rege
821 3977 922 4039 Angliae
933 3977 1056 4038 quosdam
1067 3992 1134 4026 com·

220 4047 323 4098 'cord
340 4063 383 4110 ap.
400 4048 464 4097 Hull
481 4048 539 4097 bere
556 4049 647 4098 inserts
674 4049 808 4111 petitiones
842 4046 1045 4108 [compositiones
1053 4047 1075 4110 t]
1109 4052 1135 4095 et

184 4120 227 4168 the
241 4119 371 4180 following
378 4122 510 4167 sentence:
521 4120 529 4146 ‘
539 4118 584 4179 qui
592 4119 648 4178 qui·
673 4116 897 4166 confoederationes
908 4115 977 4176 fecit,
985 4115 1068 4165 eidem
1079 4119 1134 4179 regi

183 4189 241 4237 dem
253 4201 337 4237 comes
353 4188 511 4249 postmodnm
529 4202 648 4250 magnum
674 4188 788 4236 Franciae
800 4182 1009 4247 prejudiciales.²

186 4258 309 4308 sustinuit
335 4257 454 4307 damnum
487 4271 533 4319 per
565 4271 647 4318 regem

185 4329 310 4390 Francia,
321 4329 365 4389 qui
379 4329 500 4390 imposuit
513 4327 572 4389 sibi,
587 4327 648 4374 licet
708 4321 718 4352 ³
733 4321 819 4389 ‘non,'
831 4322 916 4374 Hull'r
925 4326 963 4374 ed.
