3134 5046
540 477 762 526 onnorucou.
1066 463 1131 526 143

172 636 272 699 bunt.
341 634 443 712 Item,
481 635 572 717 quod
606 637 636 700 si
675 657 738 718 per
772 636 919 719 aliquem
958 637 1252 752 dictorumtuherpaor

172 753 308 816 regum,
342 735 398 799 vel
425 736 579 817 gentium
611 736 844 818 alligatorum,
878 745 913 803 et
951 737 1129 852 coadjuto-

173 853 252 896 rum
271 835 436 916 ipsorum,
454 834 572 917 aliqua
594 836 748 900 obsessio
772 838 885 919 posita
910 837 957 902 sit
984 837 1021 901 in
1037 837 1130 902 Vas·

173 933 289 1010 conia,
308 934 363 998 vel
387 934 423 998 in
451 935 580 999 ducatu
604 934 816 1018 Aquitaniae,
834 944 896 1000 aut
917 938 953 1002 in
976 937 1053 1000 aliis
1075 937 1129 1001 in-

175 1033 262 1096 sulis
288 1034 404 1110 maris,
429 1035 465 1097 in
493 1033 702 1117 Gerneseya,
731 1035 918 1118 Geresoya,
947 1036 1003 1100 vel
1033 1037 1128 1111 aiibi,

173 1132 261 1215 ipsae
303 1134 518 1197 obsessiones
553 1134 762 1199 lavabuntur
790 1154 894 1218 quum
925 1135 994 1199 cito
1026 1136 1129 1200 diotae

174 1239 308 1313 treugae
329 1234 548 1315 pervenerint
571 1233 614 1298 ad
645 1235 804 1299 notitiam
834 1235 1030 1300 eorundem.
1081 1235 1130 1300 Et

174 1332 436 1413 quatuordecim
456 1352 625 1415 personae,
644 1333 816 1411 videlicet,
847 1343 978 1417 septem
997 1354 1042 1399 ex
1060 1351 1129 1399 nna

174 1440 289 1513 parte,
311 1438 346 1496 et
367 1439 498 1514 reptem
516 1452 561 1496 ex
581 1432 650 1498 alia
676 1441 775 1516 parte
803 1433 971 1498 dictorum
998 1454 1129 1516 regum,

173 1530 357 1595 intrabunt
371 1530 485 1608 villas,
508 1537 635 1609 castra,
651 1551 712 1598 seu
738 1532 916 1610 fortalitia,
935 1533 993 1598 nbi
1011 1535 1129 1598 obses·

174 1630 291 1694 siones
316 1638 425 1707 erunt,
451 1639 487 1695 et
509 1632 675 1696 videbunt
703 1632 916 1713 garnisiones
944 1640 1015 1698 tam
1043 1653 1129 1715 gon·

177 1729 265 1794 tium
298 1749 402 1813 quam
445 1730 644 1796 victualium
680 1751 760 1814 quae
789 1733 883 1796 intus
921 1741 1044 1806 erunt;
1084 1733 1129 1797 ad

175 1829 277 1892 finem
296 1830 387 1912 qnod
409 1830 464 1896 die
482 1850 552 1913 qua
573 1830 733 1895 deficient
756 1832 833 1896 istae
859 1840 1003 1914 treugae,
1027 1832 1130 1897 diotoe

176 1929 282 2007 viiiae,
300 1937 427 2007 castra,
442 1949 504 1996 seu
530 1929 804 2014 ferrutiusque
827 1939 943 1996 essent
966 1932 1128 2010 obsessis,

175 2031 403 2094 remanebunt
420 2036 455 2095 et
470 2038 641 2113 ponentur
659 2031 695 2094 in
716 2031 778 2096 tali
804 2050 946 2096 numero
963 2038 999 2094 et
1018 2050 1129 2114 qnan-

177 2128 280 2194 titute
315 2129 517 2196 victualium
553 2137 589 2196 et
628 2147 863 2212 personarum,
901 2131 991 2197 sicut
1032 2150 1128 2214 repe·

176 2227 308 2294 rientur
323 2248 385 2311 per
396 2229 506 2296 dictus
521 2230 779 2312 quatuordecim
795 2249 972 2328 personas,
982 2237 1130 2313 excepta

176 2325 270 2391 diota
295 2328 436 2392 civitate
456 2327 657 2407 Venetensi,
681 2329 724 2394 de
752 2349 823 2412 qua
851 2337 1009 2395 servetur
1036 2330 1128 2464 qnod

175 2427 335 2508 superius
351 2435 404 2494 est
421 2447 635 2510 expressum.

227 2525 351 2605 ‘,Item
366 2527 457 2611 quod
478 2528 612 2594 banniti
628 2533 663 2592 et
680 2527 818 2610 fugitivi
834 2529 876 2593 de
893 2530 1007 2611 patria
1023 2528 1129 2593 Flan-

176 2624 273 2704 drise,
303 2627 362 2710 qui
392 2627 532 2692 fuerunt
558 2627 600 2694 de
627 2633 726 2710 parte
755 2629 847 2710 regis
865 2628 1035 2706 Franoiae,
1059 2649 1129 2693 nou

177 2735 351 2806 poterunt,
373 2727 480 2792 dictis
508 2727 638 2810 treugis
664 2727 877 2804 durantibus,
905 2728 1035 2794 intrare
1066 2748 1129 2794 nec

177 2826 293 2890 venire
315 2827 352 2890 in
370 2826 580 2894 Flandriam.
633 2827 680 2892 Et
700 2827 730 2892 si
750 2828 931 2909 contingat
946 2828 1040 2911 qnod
1064 2828 1129 2892 ali·

177 2925 255 3006 quis
286 2927 439 3008 ipsorum
471 2928 536 2990 iret
569 2927 826 2993 contradictus
861 2935 1002 3008 treugas
1040 2928 1129 2992 infra

175 3043 320 3105 regnum
338 3026 494 3092 Franoiae
517 3034 553 3090 et
573 3026 648 3110 ejus
676 3045 790 3109 posse,
808 3027 906 3090 fieret
927 3027 969 3092 de
990 3045 1031 3091 eo
1051 3027 1129 3111 jus·

177 3125 265 3200 titia,
293 3133 328 3188 et
354 3134 458 3193 erunt
481 3126 659 3192 forisfacto
690 3127 806 3190 omnia
833 3127 926 3190 bona
960 3145 1025 3190 sua
1050 3145 1129 3209 qnae

178 3232 293 3288 essent
315 3225 352 3290 in
369 3225 544 3292 Flaudria.
596 3225 699 3304 Item,
716 3225 808 3308 quod
834 3225 952 3289 debita
970 3244 1049 3308 quae
1071 3225 1130 3290 de·

177 3323 303 3388 bantur
322 3326 357 3389 in
378 3325 574 3401 Attrebato,
590 3325 692 3390 dictis
710 3323 945 3408 ¹astrepmois,
965 3325 1022 3389 vel
1039 3325 1129 3402 aliis,

176 3422 213 3485 in
231 3442 338 3505 regno
357 3425 525 3502 Franciae,
556 3445 625 3490 non
651 3425 826 3507 petantur,
844 3444 907 3490 neo
932 3423 975 3488 de
998 3423 1048 3488 eis
1068 3424 1130 3488 fiat

177 3524 350 3601 executio,
387 3523 591 3589 durantibus
635 3524 766 3604 treugis
806 3524 992 3606 praedietis.
1072 3523 1131 3588 lta

173 3621 270 3704 qnod
289 3623 405 3687 omnia
421 3624 548 3700 levata,
566 3621 819 3708 qualiacunque
842 3624 922 3700 sint,
940 3623 1034 3689 iacta
1051 3631 1130 3688 ante

176 3721 288 3785 dictas
310 3729 451 3804 treugas
477 3730 630 3805 tempore
654 3741 801 3803 guerrae,
827 3724 1052 3787 remanebunt
1080 3722 1130 3786 le-

177 3828 273 3898 vata,
299 3820 374 3886 sina
406 3821 563 3888 faciendo
586 3822 838 3887 restitutionem
866 3822 968 3886 dictis
1000 3821 1130 3901 treugis

177 3920 391 3986 durantibus.

228 4019 355 4099 ‘Item,
374 4020 464 4105 quod
490 4022 526 4086 in
548 4021 624 4086 istis
647 4019 781 4100 treugis
798 4018 1132 4102 comprehendantur

178 4118 342 4202 Hispani,
375 4120 567 4197 Chatelani,
596 4118 844 4194 Provincialesr,
887 4119 1070 4200 episcopus
1097 4124 1133 4182 et

406 4271 412 4301 ¹
431 4274 490 4335 Sio;
508 4287 536 4324 or
547 4272 750 4336 ‘Asorepmoys,'
764 4273 839 4334 Nero,
849 4272 917 4322 D.x.
