3134 5046
562 543 784 593 canonicou.
1088 526 1153 591 139

194 702 334 768 tandem
356 701 530 784 magnifici
553 703 738 786 principos,
753 703 881 767 domini
897 703 974 768 Odo
991 703 1152 786 Burgun-
1164 717 1272 809 dim

195 803 274 879 diae,
289 809 325 866 et
337 802 463 866 Petrus
480 803 696 880 Borbonasii,
714 803 830 879 ducos,
846 823 907 887 per
923 804 1093 881 Franciaa,
1111 824 1153 868 ac
1268 796 1274 808 '

196 903 371 967 Henricus
399 903 442 966 ds
470 902 677 967 Lancastria
700 903 852 979 Derbiaa,
880 901 1088 968 wilhelmus
1110 903 1153 967 da

197 1001 345 1066 Bohoun
363 1001 406 1066 da
424 1001 727 1085 Northamptonia,
744 1000 940 1066 Willalmus
955 1003 998 1066 de
1015 1003 1153 1067 Monta-

195 1110 300 1165 acuto
325 1099 537 1178 sarisberiae,
563 1101 719 1178 comites,
746 1110 781 1166 at
811 1102 943 1166 nobilas
968 1103 1046 1178 viri,
1077 1102 1152 1166 Ra·

196 1200 347 1283 dulphus
374 1201 417 1264 de
445 1199 608 1278 Stafford,
638 1200 914 1265 Bartholomaeus
945 1201 989 1265 dc
1015 1202 1151 1283 Bourg-

196 1299 311 1376 harsh,
344 1299 536 1364 Nicholaus
567 1300 612 1364 de
638 1301 837 1383 Cantilupo,
868 1301 1083 1383 Regiualdus
1109 1301 1153 1364 da

196 1398 385 1476 Gobcham,
419 1399 598 1464 Walterus
631 1399 675 1463 do
705 1399 851 1483 Manny,
884 1400 1075 1464 Mauricius
1110 1400 1152 1463 da

197 1498 401 1581 Barkelaye,
448 1508 485 1563 ot
520 1499 688 1581 magister
724 1499 748 1563 J
751 1499 904 1564 ohannes
953 1501 996 1564 da
1031 1500 1152 1565 Ufford

198 1598 460 1663 archidiaconus
485 1599 648 1676 Eliansis,
674 1618 735 1680 par
761 1596 914 1682 Angliae,
937 1619 1038 1682 rogos
1064 1619 1151 1683 praa·

197 1699 321 1774 dictos,
351 1698 395 1762 ad
425 1697 645 1780 infrascripta
671 1699 849 1763 nobiscum
879 1700 1072 1776 tractanda,
1118 1708 1154 1763 et

198 1817 314 1862 coram
332 1795 448 1862 ¹nobis
481 1798 660 1875 firmanda,
685 1806 721 1864 at
745 1799 851 1862 etiam
872 1799 907 1862 in
931 1799 1065 1862 animas
1082 1797 1153 1862 dic-

198 1905 311 1960 torum
354 1915 474 1979 regum
511 1897 718 1981 juramentis
755 1897 919 1962 vallanda
957 1898 1154 1980 specialiter

198 1996 367 2079 deputati,
399 2003 435 2060 at
458 2015 563 2079 super
586 1996 639 2061 his
663 1999 707 2060 ab
741 1997 869 2060 eisdam
902 1997 1041 2078 regibus
1073 2017 1152 2079 spa·
1226 1989 1228 1994 ’

198 2095 286 2160 ciale
307 2096 504 2159 mandatum
522 2095 700 2174 habentes,
728 2096 916 2179 permultos
940 2103 975 2160 et
997 2093 1153 2160 divorsos

198 2202 370 2259 tractatus
396 2215 512 2260 coram
539 2197 651 2273 nobis,
672 2203 777 2279 prout
803 2197 971 2279 sequitur,
986 2196 1153 2260 concord-

198 2302 314 2358 arunt.

242 2392 537 2459 “concordatum
554 2402 608 2459 est
626 2395 715 2478 quod
733 2396 778 2460 ob
798 2395 1026 2460 reverentiam
1043 2395 1154 2459 eccls-
1275 2387 1283 2402 ⁶

198 2494 272 2570 siaa,
288 2502 323 2559 et
347 2493 391 2557 ad
413 2495 678 2558 succurrendum
703 2494 795 2559 malo
819 2495 926 2559 statui
945 2494 1152 2559 Christiani·

198 2594 295 2671 tatis,
329 2600 365 2657 at
399 2594 613 2658 subeundum
646 2594 887 2678 indempnitati
918 2597 1153 2679 subJactorum

197 2692 367 2757 dictorum
399 2713 517 2774 regum
535 2694 694 2758 Francias
720 2702 755 2759 at
773 2693 924 2776 Angliae,
949 2702 984 2758 et
1013 2702 1154 2778 proptor

198 2791 363 2856 honoram
405 2792 620 2858 dominorum
658 2793 897 2872 cardinalium,
930 2795 1153 2859 tractantium

199 2910 320 2974 pacem
348 2899 384 2955 ot
410 2893 628 2956 concordiam
657 2892 747 2957 inter
769 2894 880 2957 dictos
906 2912 1028 2974 regaa;
1062 2894 1153 2976 quod

198 3011 305 3074 super
331 2991 489 3055 omnibus
521 2993 765 3056 controversiis
810 2999 846 3056 at
881 2992 1154 3056 discussionibus

199 3091 383 3154 mittantur
400 3091 507 3173 aliqui
529 3090 572 3155 do
597 3093 764 3174 sanguina
784 3091 951 3156 dictorum
969 3111 1102 3173 regum,
1120 3101 1155 3155 et

199 3190 308 3273 aliqui
333 3190 404 3267 alii,
422 3190 466 3253 ad
493 3191 622 3256 curiam
641 3191 849 3268 Romanam,
866 3197 1075 3273 potestatem
1095 3190 1154 3254 ha·

200 3291 320 3354 bontas
352 3290 594 3366 concordandi,
611 3290 781 3367 firmandi,
799 3297 835 3353 at
850 3290 1036 3354 roborandi
1052 3309 1156 3372 super

199 3388 375 3471 praedictis
423 3389 611 3453 secundum
654 3397 840 3454 tractatum
881 3389 1010 3454 domiui
1046 3390 1156 3453 nostri

199 3506 301 3571 papae
324 3495 360 3552 et
379 3494 606 3553 tractatorum
629 3489 892 3571 praedictorum:
912 3496 1076 3572 potarunt
1096 3508 1155 3552 au-

202 3595 269 3650 tem
300 3593 418 3669 partes
452 3587 603 3651 rationes
637 3607 720 3651 suas
747 3608 863 3652 coram
895 3589 988 3653 dicto
1016 3588 1156 3653 domino

200 3706 294 3769 papa
323 3686 435 3750 dicare
463 3693 500 3749 at
522 3704 726 3769 proponere,
765 3708 834 3752 non
860 3688 904 3752 ad
936 3689 1038 3752 finam
1065 3688 1156 3752 deci-

200 3786 306 3849 sionis
339 3791 374 3849 at
403 3784 551 3848 serendae
581 3787 774 3864 sententiaa,
804 3787 864 3851 sad
891 3788 1042 3851 melioris
1068 3796 1155 3851 trac-

201 3892 308 3961 tatus,
326 3892 361 3948 at
377 3885 473 3967 pacis
489 3884 623 3950 fiendas.

251 3983 378 4060 ‘Item,
412 3984 502 4067 quod
538 3984 695 4067 praedicti
726 3985 884 4049 mittendi
911 3984 982 4048 sint
1007 3985 1043 4047 in
1067 4004 1156 4067 praa-

235 4213 244 4242 ¹
262 4216 367 4278 ‘vobis,’
378 4217 440 4266 Ma.
697 4215 803 4277 original
814 4213 912 4264 Franoh
924 4216 950 4263 in
961 4214 1104 4279 Avesbury,
1115 4231 1159 4276 pp.

197 4303 200 4308 ’
238 4284 249 4312 ²
260 4285 310 4336 For
321 4287 390 4336 what
396 4286 495 4336 follows
505 4285 565 4349 llria,
574 4301 616 4334 see
628 4283 670 4334 llio
699 4288 839 4335 102-109.
