3134 5046
417 494 482 557 108
761 507 795 552 n.
813 503 1028 553 uuaruuurr.

418 660 568 726 Amandi
613 680 675 742 per
707 659 900 742 quindecim
938 660 1100 725 milliaria
1125 656 1280 735 ¹invasit,
1312 657 1370 721 ubi

418 761 671 843 quinquaginta
704 759 842 836 milites,
883 766 918 822 et
957 760 1046 823 alios
1088 759 1369 840 quamplurimos,

419 867 583 942 ceperunt
615 867 651 923 et
676 859 886 935 occiderunt,
903 866 940 922 et
969 859 1068 939 quasi
1100 859 1252 922 infinitas
1282 856 1369 920 divi-

421 959 487 1022 tias
511 960 728 1033 invenerunt,
756 964 792 1022 et
817 958 935 1021 villam
967 958 1225 1034 destruxerunt,
1256 965 1291 1020 et
1322 955 1371 1018 ita

420 1057 576 1122 iecerunt
598 1058 663 1122 toti
687 1058 810 1139 patriae
838 1056 1117 1139 circumquaque,
1144 1065 1179 1121 et
1202 1055 1369 1121 exercitui

256 1177 402 1226 resumet
421 1157 464 1220 de
486 1156 694 1222 victualibus
720 1155 1013 1220 abundantissime
1040 1155 1273 1238 providerunt.
1325 1154 1371 1216 Et

256 1231 363 1277 mm*
421 1255 560 1320 duravit
590 1256 725 1319 obsidio
760 1255 913 1318 civitatis
939 1256 1170 1322 Tornacensis
1195 1274 1305 1336 usque
1328 1253 1370 1316 ad

420 1354 559 1425 festum¹
572 1362 771 1419 sanctorum
785 1354 920 1418 Cosmae
943 1364 977 1418 et
1000 1353 1203 1428 Damianae3
1222 1373 1292 1436 quo
1317 1353 1370 1416 die

421 1461 502 1536 post
535 1455 662 1517 multos
704 1461 875 1520 tractatus
919 1473 1024 1536 super
1063 1462 1186 1534 treuga
1222 1450 1371 1516 ineunda

258 1574 378 1615 riman
421 1573 483 1635 per
500 1552 656 1632 Gallicos
682 1560 879 1634 procurata,
902 1572 1105 1620 consensum
1134 1552 1200 1616 fuit
1221 1553 1255 1616 iu
1278 1559 1370 1616 treu-

258 1624 409 1714 ⁸i2⁰3222⁸¹²⁶
423 1671 515 1734 gam,
543 1671 621 1735 quae
647 1660 751 1734 capta
781 1651 846 1715 suit
872 1653 915 1716 ad
940 1653 1142 1734 petitionem
1160 1650 1371 1716 Gallicorum

273 1733 366 1814 οἵω
424 1772 533 1835 usque
579 1750 624 1814 ad
675 1751 799 1814 festum
847 1752 958 1817 sancti
994 1750 1167 1815 Johannis
1201 1750 1370 1833 Baptistae

422 1852 582 1934 prox-imo
600 1858 682 1916 tunc
705 1850 871 1927 futurum,
885 1857 924 1914 ut
941 1852 1052 1932 possit
1071 1850 1206 1914 interim
1228 1850 1270 1914 de
1287 1869 1372 1933 pace

423 1951 575 2016 tractari.
645 1950 692 2014 Et
724 1948 849 2013 redditi
879 1949 1020 2013 fuerunt
1053 1950 1182 2032 captivi
1220 1947 1300 2013 hino
1338 1955 1372 2016 et

422 2049 514 2125 inde,
543 2051 608 2114 sub
636 2049 865 2115 conventione
890 2045 1030 2132 ²jurata
1047 2049 1213 2112 redeundi
1234 2049 1276 2112 ad
1302 2049 1371 2111 dic·

425 2159 497 2222 tum
537 2148 664 2212 festum
703 2149 815 2212 sancti
845 2146 868 2211 J
872 2147 1028 2224 ohannis,
1056 2149 1093 2211 in
1123 2167 1206 2211 casu
1237 2149 1272 2211 in
1304 2165 1370 2229 quo

423 2267 493 2310 non
517 2248 614 2311 ficret
637 2266 708 2329 pax
733 2246 857 2314 finalis.
910 2247 977 2310 Sed
1000 2247 1051 2311 sic
1078 2248 1193 2311 soluta
1218 2246 1285 2312 suit
1310 2248 1370 2311 ob-

424 2346 513 2422 sidio
553 2345 765 2428 supradicta,
794 2353 829 2409 et
859 2347 992 2410 nobiles
1020 2345 1064 2410 de
1093 2346 1235 2427 Anglia,
1268 2346 1373 2428 aliqui

424 2446 599 2509 redierunt
621 2443 657 2506 in
666 2443 841 2526 Angliam.
873 2444 1028 2509 Fuerunt
1045 2446 1135 2508 euim
1161 2444 1261 2508 multi
1282 2452 1372 2510 trac-

425 2551 520 2608 tatus
548 2544 657 2609 habiti
686 2564 790 2626 super
817 2550 940 2626 treuga
971 2545 1148 2626 praedicta,
1183 2545 1266 2627 quia
1298 2565 1374 2608 cum

426 2644 538 2707 dictus
554 2643 714 2706 dominus
730 2662 793 2706 rex
810 2641 948 2724 Angliec
971 2650 1162 2710 remaneret
1179 2643 1271 2725 apud
1288 2644 1374 2708 Tor·

426 2743 621 2806 uiacensem
638 2743 673 2805 in
691 2742 869 2806 obsidione
892 2742 1069 2825 praedicta,
1090 2750 1125 2806 et
1139 2741 1321 2824 Philippus
1333 2743 1374 2806 de

427 2841 573 2923 Valoys,
605 2860 683 2904 cum
721 2849 797 2905 toto
833 2843 988 2905 exercitu
1028 2861 1104 2918 suo,
1143 2842 1186 2905 ad
1227 2849 1375 2924 quatuor

426 2940 555 3018 leucas,
580 2941 688 3025 juxta
712 2960 802 3017 eum,
828 2942 1004 3017 existeret,
1034 2941 1094 3005 sed
1127 2941 1170 3004 ad
1197 2961 1373 3004 remoren-

427 3039 508 3104 dum
532 3040 743 3104 obsidionem
772 3039 935 3124 accedere
955 3059 1025 3103 non
1053 3040 1206 3117 auderet,
1234 3040 1294 3103 sed
1316 3060 1376 3122 per

427 3159 542 3220 regem
574 3139 738 3215 Boemiae,
769 3139 828 3219 qui
860 3138 926 3202 fuit
952 3158 1082 3215 secum,
1122 3158 1225 3221 super
1255 3147 1377 3219 treuga

428 3238 588 3314 ineunda,
607 3246 642 3302 et
667 3238 797 3312 oblata,
813 3237 935 3302 fierent
952 3237 1053 3301 multi
1078 3244 1260 3302 tractatus.
1319 3238 1377 3301 Fi-

429 3338 566 3413 naliter,
583 3337 655 3400 dux
672 3337 884 3413 Brabantiae,
894 3356 1008 3401 comes
1024 3337 1210 3413 Hauoniee,
1224 3336 1377 3400 marchio

428 3437 472 3498 de
500 3433 523 3498 J
527 3435 630 3511 ulem,
661 3444 696 3500 et
724 3453 838 3498 comes
873 3436 916 3498 de
942 3434 1060 3513 Gelre,
1087 3443 1123 3499 et
1152 3435 1211 3500 alii
1245 3436 1375 3500 confoe-

429 3534 541 3604 derati
567 3534 659 3614 regis
676 3533 827 3614 Angliae,
860 3542 1107 3599 consenserunt
1134 3535 1226 3616 quod
1255 3541 1377 3616 treuga

429 3632 586 3707 honesta,
608 3633 689 3696 licet
714 3633 858 3710 inutilis,
876 3640 1078 3716 caperetur3
1117 3633 1263 3710 inutilis,
1290 3634 1377 3710 dieo,

430 3731 503 3812 regi
518 3729 658 3812 Angliae
675 3739 710 3796 et
725 3732 809 3808 suiS,
824 3753 893 3798 non
919 3732 1021 3796 dictis
1038 3732 1234 3810 comitibus,
1255 3733 1379 3815 quibus

430 3831 523 3894 villae
556 3837 591 3893 et
617 3838 731 3895 castra
756 3829 940 3916 'restituta
956 3831 1105 3908 fuerunt,
1130 3851 1217 3913 quas
1245 3839 1280 3896 et
1302 3852 1380 3914 quae

430 3950 492 3994 rex
535 3929 692 3994 Franciae
735 3937 839 3993 antea
886 3931 1014 3995 diutius
1052 3928 1263 4012 occupavit!
1316 3931 1381 3995 Cui

466 4109 473 4138 ¹
491 4113 650 4178 ‘ceperunt’
671 4115 707 4176 by
726 4129 802 4176 error,
826 4117 893 4164 Cott.
954 4112 964 4141 ⁴
984 4117 1051 4166 Cott.
1061 4117 1137 4178 Nero,
1148 4117 1183 4166 D.
1193 4131 1230 4179 x.,
1240 4117 1300 4167 here
1313 4120 1382 4180 gives

433 4182 472 4231 Οἱ.
485 4183 516 4232 E.
919 4185 1216 4237 theformoftheuuce.
1245 4187 1271 4236 1t
1281 4189 1382 4251 maybe

464 4248 474 4277 ²
491 4253 605 4314 ‘jurati'
617 4253 676 4302 Cod.
689 4253 754 4314 Reg.
766 4253 800 4302 Α.
814 4266 890 4304 xvru.
919 4269 979 4304 seen
990 4256 1016 4304 in
1029 4256 1128 4319 Ryrner,
1139 4271 1164 4306 v.
1176 4272 1202 4318 p.
1212 4261 1269 4309 2⁰5.

465 4316 647 4384 ⁸‘rertitutae‚’
665 4324 731 4371 ortt.
746 4324 785 4372 cl.
798 4323 829 4372 E.
