3146 5038
302 1912 378 1951 Princo

301 1961 392 2001 Edward

299 2016 384 2051 returns
392 2014 416 2050 to

301 2061 406 2112 England.

458 497 523 562 19⁰
791 515 827 563 A.
850 513 1065 562 uuaruuru.

521 659 635 719 Dantea
647 679 699 738 pro
712 681 781 738 rege
794 665 921 739 genitum
936 664 1038 741 patrui,
1054 663 1116 720 aine
1128 663 1202 741 lege,

520 757 575 814 Ille
589 759 744 816 vocabatur
758 759 859 837 Phelp‚
874 760 909 818 de
923 779 980 838 quo
992 760 1049 819 Jou
1065 769 1226 836 generatur.

458 898 459 902 ,
523 854 657 930 Regnum
673 855 849 914 Franoomm
862 857 956 914 tenuit
969 857 1042 914 bene
1056 865 1156 914 neuter
1170 876 1278 914 eornm.

521 950 646 1007 Bellicus
659 959 778 1008 eventus
792 951 893 1029 probat
906 951 970 1022 hoc,
985 953 1067 1011 testis
1079 951 1220 1011 violentur

521 1045 626 1104 Nullus
639 1047 766 1116 miretur,
781 1049 805 1104 si
820 1048 940 1106 Francia
953 1049 1027 1106 mole
1041 1059 1186 1125 gravetur,

523 1141 603 1200 Dum
617 1144 744 1220 sequitur
758 1161 830 1220 pure
841 1153 931 1222 negat
943 1142 1087 1203 Eduardo
1101 1164 1152 1203 sua
1161 1144 1236 1221 jura.

521 1239 607 1304 Quod
620 1239 691 1316 petit
705 1239 789 1296 ¹huic
801 1238 892 1310 detur,
907 1249 976 1298 tunc
989 1241 1110 1298 Francia
1124 1240 1293 1318 pacificetur.

519 1335 577 1393 Jon
591 1335 669 1392 velut
682 1336 809 1393 intrusus
823 1344 867 1394 eet
881 1336 997 1394 floribus
1012 1338 1072 1414 ipse
1086 1337 1222 1394 reclusus.

521 1431 561 1489 Et
575 1432 648 1489 sinat
662 1432 803 1490 Eduardo
817 1452 882 1490 cum
896 1433 965 1490 dore
979 1433 1037 1490 frui
1051 1433 1194 1510 leopardo,

521 1525 569 1586 Sic
582 1547 650 1586 vero
663 1526 780 1606 pacifica
793 1538 849 1588 stet
863 1528 994 1600 Francia,
1009 1549 1086 1587 nuno
1099 1529 1223 1587 inimica.

520 1621 595 1682 Haec
609 1643 673 1702 quae
688 1626 793 1703 scripta
806 1625 886 1702 legis,
901 1626 1005 1684 tollunt
1019 1625 1182 1684 discrimina
1196 1625 1280 1701 regis,

521 1721 607 1785 Quod
620 1741 677 1779 non
691 1721 823 1798 pacificos
836 1721 883 1780 hic
897 1722 1039 1791 distruxit,
1054 1721 1104 1780 sed
1117 1709 1247 1799 iniquos.’

512 1905 622 1971 Auno
648 1909 789 1972 Donum
814 1922 1033 1985 ucocavn,
1057 1915 1092 1972 et
1114 1909 1204 1988 regis
1222 1905 1417 1988 Anglorum

462 2007 626 2072 Edwardi
655 2008 749 2072 tertii
774 2008 1114 2085 annoxxx1.,circa
1141 2007 1266 2070 festum
1290 2006 1418 2070 Pente-

462 2116 594 2184 costen,
613 2108 804 2171 Edwardus
834 2109 994 2191 princeps
1009 2107 1161 2184 walliae,
1179 2108 1222 2170 de
1238 2107 1418 2171 Vasconia

462 2207 499 2271 in
522 2206 687 2288 Angliam
721 2208 869 2284 rediens,
896 2215 931 2271 et
956 2207 980 2270 J
983 2226 1129 2270 oannem
1159 2227 1274 2288 regem
1306 2206 1417 2269 Fran-

463 2326 581 2371 corum
597 2327 712 2370 secum
738 2307 975 2384 adducens,'V.
994 2307 1049 2370 die
1074 2306 1162 2369 Maii
1187 2307 1223 2369 in
1244 2315 1348 2388 portu
1372 2305 1417 2369 de

465 2405 688 2489 Plymmouth
716 2407 752 2470 in
775 2406 935 2471 Devonia
958 2425 1063 2470 sanus
1079 2405 1265 2490 applicuit;
1291 2411 1326 2468 et
1343 2412 1417 2468 sta·

463 2506 526 2570 tim
558 2507 654 2570 missi
692 2514 775 2570 sunt
802 2507 838 2569 in
861 2505 1037 2588 Angliam‚
1067 2525 1113 2569 ex
1149 2512 1249 2587 parte
1286 2504 1418 2567 domini

463 2624 577 2687 papae,
594 2606 662 2670 duo
679 2607 870 2670 cardinales
896 2625 959 2688 pro
986 2624 1071 2688 pace
1088 2603 1307 2668 reformanda
1326 2605 1418 2667 inter

463 2704 531 2768 duo
549 2725 678 2786 regna;
705 2707 828 2770 tertius
855 2705 1040 2770 cardinalis
1070 2705 1165 2769 venit
1193 2704 1229 2767 in
1252 2703 1417 2784 Angliam

463 2804 578 2886 gratia
600 2805 762 2883 visitandi
787 2826 903 2887 regem
924 2806 1152 2869 Francorum:
1186 2803 1350 2885 quivero
1381 2805 1417 2866 in

302 2911 432 2960 navitam
464 2902 593 2986 Anglia
619 2925 682 2987 per
707 2905 881 2969 biennium
906 2912 986 2968 sunt
1004 2905 1140 2967 morati.
1204 2902 1284 2981 Quo
1310 2903 1416 2966 etiarn

300 2963 325 3000 ul
331 2962 429 3001 scotland

301 3013 320 3052 le
328 3013 437 3052 liberatori.

464 3023 566 3080 anno,
583 3005 676 3068 circa
692 3006 817 3068 festum
834 3004 997 3068 Omnium
1015 3003 1233 3079 Sanctorum,
1251 3003 1417 3067 liberatus

463 3111 515 3168 est
533 3103 649 3168 David
666 3104 698 3168 lo
716 3105 843 3186 BruyS,
870 3124 934 3168 rex
961 3103 1098 3181 Scotiae,
1117 3103 1159 3166 do
1183 3102 1316 3166 diutina
1339 3122 1418 3165 cus-

463 3202 571 3278 todia,
603 3223 674 3286 qua
705 3205 741 3267 in
774 3211 889 3267 castro
914 3204 956 3267 de
985 3202 1122 3285 Odyam
1146 3222 1207 3284 per
1230 3221 1281 3266 xi.
1306 3218 1417 3265 annos

458 3303 591 3386 jugiter
626 3304 819 3380 tenebatur,
846 3321 975 3384 magna
1001 3302 1157 3385 pecuniae
1186 3320 1321 3365 summa
1347 3320 1418 3365 rne-

463 3400 606 3465 diante.²

517 3500 598 3564 Hoc
625 3520 763 3583 quoque
796 3521 898 3577 anno,
927 3503 963 3565 in
994 3500 1143 3564 Francia
1169 3506 1246 3563 orta
1272 3507 1325 3562 est
1356 3499 1418 3564 illa

464 3617 592 3680 magna
617 3601 792 3678 comitiva,
810 3620 895 3682 gens
919 3601 994 3664 sine
1020 3601 1133 3684 capite
1151 3599 1316 3675 vocitata,
1339 3620 1418 3680 quae

463 3699 573 3763 multa
596 3699 777 3781 dispendia
800 3702 919 3764 intulit
938 3697 1187 3781 FrancigeniS.³
1238 3698 1327 3762 Item
1351 3698 1417 3763 hoc

497 3913 507 3946 ¹
524 3910 615 3977 ‘hinc,’
627 3915 688 3966 MS.
951 3918 1089 3966 surrection
1101 3918 1149 3965 and
1161 3918 1322 3966 lawlessnesa
1333 3919 1363 3966 oi
1376 3919 1418 3967 the

498 3983 576 4034 'Hie
603 4001 712 4048 ransom,
739 3986 874 4048 according
901 3991 927 4035 to
950 3992 1069 4048 peaeante
1102 3988 1195 4049 during
1228 3987 1270 4036 the
1305 3988 1419 4036 troubles

463 4055 602 4118 Knighton,
613 4071 668 4104 was
679 4071 741 4105 xxx.
753 4056 806 4105 mil.
818 4057 862 4116 li.;
880 4071 927 4104 one
950 4057 1034 4106 which
1053 4057 1171 4106 followed
1189 4057 1231 4105 the
1254 4057 1378 4120 captivity
1394 4059 1423 4106 os

462 4125 519 4174 half
532 4125 560 4173 of
574 4125 659 4175 which
672 4139 727 4174 was
745 4127 807 4186 peid
821 4131 848 4174 at
866 4127 928 4176 Ber·
951 4127 1014 4189 king
1024 4127 1101 4184 John,
1116 4128 1167 4175 and
1178 4128 1321 4174 sometimes
1334 4128 1418 4176 called

462 4195 531 4243 wick
542 4210 573 4243 on
584 4195 626 4244 the
638 4191 721 4257 king’e
732 4196 833 4244 arrival.
951 4197 994 4246 the
1015 4197 1120 4245 warde
1140 4197 1166 4244 la
1184 4197 1332 4257 Jacquerie.
1370 4198 1418 4246 See

498 4261 509 4291 ⁸
524 4264 586 4313 Thia
597 4279 678 4314 seems
689 4270 715 4314 to
726 4266 827 4314 referto
837 4266 880 4314 the
891 4267 928 4315 in·
953 4267 1018 4316 iufra
1029 4267 1063 4315 ad
1073 4281 1132 4316 ann.
1145 4271 1218 4329 1361,
1229 4281 1273 4327 pp.
1283 4269 1341 4328 194,
1349 4271 1406 4316 195.
