3134 5046
265 691 391 740 Theoupo-

265 740 316 781 ῐοὴ
324 741 388 780 letter

266 795 289 831 to
297 791 394 832 Eduard.

427 518 493 582 116
759 534 794 580 Α.
819 531 1034 580 uuaruuru.

430 689 568 754 assidue
590 687 832 762 distrahamur,
851 694 967 751 tamen
989 705 1067 750 curn
1092 685 1264 751 discordia
1289 688 1383 751 inter

431 799 466 854 te
497 796 533 854 et
560 788 764 872 praeclarum
788 787 988 869 Philippum
1015 806 1132 868 regern
1152 785 1195 850 de
1220 786 1382 864 Francia,

418 888 567 954 affinem
598 896 755 952 nostrum
785 888 1032 971 praedilectum,
1070 907 1114 950 ex
1146 905 1217 968 qua
1250 886 1313 950 tibi
1348 894 1384 950 et

432 997 494 1054 tuo
526 1007 636 1070 regno
661 987 917 1070 quamplurima
950 1005 1176 1068 personarum
1208 993 1243 1050 et
1267 1006 1383 1051 rerum

433 1088 624 1172 dispendia,
641 1087 719 1170 ipsa
741 1106 810 1150 non
832 1085 966 1164 sedata,
981 1086 1017 1150 in
1037 1085 1193 1150 futurum
1221 1092 1386 1168 poterunt

434 1189 583 1265 evenire,
603 1207 642 1251 se
664 1186 792 1252 nostris
814 1192 1003 1269 praesentat
1027 1185 1218 1262 obtutibus
1237 1193 1385 1251 mentem

435 1295 589 1352 nostram
611 1286 795 1369 specialius
815 1285 925 1366 angit,
943 1291 979 1348 et
997 1285 1130 1348 excitat
1146 1291 1186 1348 ut
1203 1285 1246 1349 ad
1263 1285 1386 1349 tollen·

435 1387 515 1450 dam
537 1386 633 1450 illam
650 1385 802 1451 studium
821 1392 856 1450 et
875 1402 1016 1468 operam
1038 1391 1166 1448 nostrae
1182 1385 1388 1449 sollicitudi-

437 1486 490 1549 nis
505 1505 731 1569 apponamus·

487 1584 656 1668 ‘Propter
671 1585 775 1667 quod,
789 1585 877 1650 scire
891 1592 925 1648 te
944 1585 1101 1650 volumus
1117 1585 1209 1668 quod
1221 1587 1387 1668 praefatus

439 1684 622 1768 Philippus
640 1685 683 1748 ad
706 1686 964 1769 requisitionem
981 1695 1135 1751 nostram
1155 1685 1250 1749 dedit
1275 1687 1388 1763 nobis,

438 1786 511 1848 suis
523 1785 645 1862 literis,
659 1792 867 1866 potestatem
880 1785 1051 1849 tractandi
1067 1786 1157 1849 inter
1169 1793 1204 1848 te
1213 1791 1248 1848 et
1262 1786 1389 1869 ipsum,

440 1893 475 1950 et
491 1885 707 1949 concordiam
724 1904 829 1966 super
842 1884 1014 1949 discordia
1029 1885 1194 1949 intervos
1210 1887 1388 1952 suscitata.

490 1983 627 2063 ‘Quam
651 1984 756 2048 etiam
781 1984 845 2049 tibi
866 1992 902 2048 et
924 1991 985 2048 tuo
1001 2004 1121 2066 reguo,
1139 1985 1293 2066 pensatis
1314 1985 1393 2048 dili·

441 2093 561 2168 genter
574 2085 733 2149 omuibus
747 2083 998 2150 conditionibus
1012 2084 1092 2161 tuis,
1106 2091 1142 2149 et
1159 2082 1393 2166 ¹alligatorum

441 2192 591 2260 tuorum,
602 2183 839 2266 multipliciter
853 2183 1015 2266 expedire
1028 2182 1217 2260 credentes,
1233 2185 1394 2248 amicitiae

442 2290 512 2349 tuae
533 2282 792 2366 persuademus,
810 2290 913 2366 teque
936 2301 1014 2347 cum
1031 2283 1210 2366 diligentia
1236 2283 1396 2348 exhorta-

442 2403 532 2459 mur,
547 2389 587 2446 ut
604 2382 648 2445 ad
675 2382 740 2446 hoc
763 2389 859 2447 tuum
882 2401 1060 2447 assensum
1085 2383 1252 2465 praebeas,
1269 2402 1338 2464 quo
1360 2391 1396 2449 te

444 2490 480 2548 et
505 2484 618 2565 ipsum
646 2501 809 2546 revocare
836 2500 1015 2565 possemus
1038 2482 1083 2546 ad
1108 2482 1336 2560 concordiam,
1363 2492 1399 2547 et

444 2583 611 2651 intervos
631 2601 719 2646 verae
733 2581 829 2665 pacis
845 2582 977 2646 soedera
993 2581 1171 2662 ordinare;
1197 2583 1240 2646 ad
1260 2601 1338 2665 quae
1356 2582 1398 2646 li-

444 2682 541 2746 benti
556 2681 671 2745 animo
687 2701 812 2748 vacare
838 2681 1011 2760 volumus,
1037 2689 1073 2746 et
1096 2682 1292 2765 impendere
1315 2702 1398 2765 ope·

446 2801 526 2846 rosa
542 2783 781 2864 prosecutione
795 2782 943 2846 labores.

497 2881 567 2946 ‘Et
588 2882 625 2945 in
641 2900 710 2965 quo
725 2883 755 2945 'si
773 2882 924 2946 consiliis
941 2882 1069 2945 nostris
1082 2880 1275 2945 consentire
1290 2889 1326 2945 et
1340 2901 1400 2945 ac-

448 2982 623 3065 quiescere
646 2981 808 3058 volueris,
824 2989 864 3045 ut
878 2999 1066 3064 speramus,
1083 2981 1221 3064 placeat
1234 2980 1309 3058 tibi,
1328 2982 1397 3045 tuis

447 3081 569 3159 literis,
593 3081 693 3145 nobis
722 3081 804 3145 dare
829 3088 1038 3165 potestatem
1069 3081 1282 3162 praemissam
1309 3088 1401 3145 trac·

449 3181 546 3248 tandi
567 3181 797 3259 concordiam,
814 3188 850 3245 et
865 3188 1005 3263 treugas
1022 3180 1067 3244 ad
1082 3200 1209 3244 aunum
1224 3181 1281 3247 vel
1302 3181 1401 3245 bien·

448 3281 541 3348 nium
558 3281 750 3346 ordinandi.

499 3380 599 3444 ‘Nec
624 3389 660 3444 te
683 3386 822 3443 moveat
848 3379 1002 3446 amicitia
1024 3381 1115 3444 inter
1141 3399 1204 3445 nos
1226 3387 1262 3444 et
1286 3400 1403 3462 regem

452 3479 609 3544 Franciae
622 3478 826 3562 praedictum
841 3481 927 3544 inita
951 3488 987 3544 et
1002 3487 1190 3546 contracta.
1244 3479 1337 3546 Nam
1357 3501 1403 3545 ex

451 3584 573 3661 quotu
590 3587 731 3660 treugas
752 3587 787 3643 et
803 3587 916 3645 certos
932 3579 1096 3644 terminos
1115 3579 1160 3643 ad
1183 3581 1402 3644 tractandum

451 3678 495 3741 de
510 3679 694 3743 concordia
709 3679 800 3743 inter
817 3687 851 3743 te
865 3688 901 3744 et
915 3680 1098 3762 praefatum
1113 3699 1229 3761 regem
1245 3680 1403 3744 Franciae

452 3779 617 3860 accepisti
634 3780 763 3862 absque
774 3787 893 3844 nostro
909 3781 1011 3858 scitu,
1027 3780 1217 3856 voluntate,
1234 3788 1269 3844 et
1287 3797 1403 3844 assen-

452 3896 507 3954 su,
526 3879 568 3943 de
590 3880 733 3945 consilio
761 3887 957 3946 nostrorum
980 3881 1185 3963 principum,
1212 3879 1273 3962 qui
1300 3881 1403 3962 ligas,

452 3986 568 4062 pacta,
586 3994 622 4044 et
637 3980 780 4043 uniones
798 3987 934 4060 nostras
951 3987 1133 4056 noverunt,
1150 3979 1275 4061 quibus
1294 3980 1404 4044 visum

453 4078 558 4143 fuerit
573 4080 667 4162 quod
685 4079 762 4157 hoc,
777 4080 875 4144 salvo
893 4079 1024 4144 honore
1047 4085 1178 4154 nostro,
1193 4079 1306 4143 facere
1323 4099 1404 4162 pos·

768 4301 775 4332 ¹
792 4304 992 4368 ‘obligatorum‚'
1004 4306 1076 4368 Rym.
