3146 5038
524 524 782 575 courruusmo.
1059 509 1125 572 179

173 681 313 764 quidam
336 681 446 758 miles,
464 701 555 745 unus
580 681 622 744 de
645 681 839 745 secretariis
863 680 954 763 regis
973 681 1122 748 Franco·

173 801 263 858 rum,
280 780 461 846 Galfridus
484 781 662 863 Chameys
685 779 887 856 ¹vocitatus,
902 799 979 846 cum
1003 783 1120 846 multi-

175 881 294 944 tudiue
314 889 545 965 pugnatorum
571 880 659 946 clam
676 888 712 945 et
733 880 876 944 subdole
899 881 996 945 venit
1021 881 1119 946 Cale-

173 981 260 1044 siam
285 979 329 1044 ad
354 981 557 1065 capiendam
586 980 693 1058 illam,
718 980 904 1044 secundum
929 981 1019 1063 quod
1045 990 1121 1047 erat

173 1099 235 1163 per
251 1079 347 1162 prius
364 1080 483 1145 dolose
498 1080 694 1144 condictum
715 1080 935 1163 interipsum
952 1087 987 1144 et
1006 1088 1119 1146 custo-

174 1178 250 1242 dem
278 1179 381 1244 illins
433 1181 563 1244 Saltem
595 1177 661 1242 ²ad
693 1179 807 1242 minus
834 1187 998 1258 castrum,
1026 1181 1120 1246 villae

173 1278 348 1360 praedictae
378 1279 591 1363 adjunctum,
616 1277 754 1343 indubie
784 1279 976 1353 obtinerct;
1014 1287 1050 1344 et
1080 1289 1120 1346 ut

172 1377 223 1442 ita
235 1378 333 1444 fieret
350 1379 587 1455 effectualiter,
596 1378 702 1443 solvit
716 1397 789 1463 prae
803 1379 961 1442 manibus
974 1377 1120 1462 praefato

173 1478 321 1555 custodi,
345 1469 406 1562 qui
438 1477 504 1542 suit
530 1477 554 1542 J
557 1478 732 1555 anuensis,
760 1497 922 1560 magnam
951 1497 1120 1543 summam

174 1578 341 1659 pecuniae.
408 1576 511 1656 Quod
540 1597 619 1641 curn
653 1577 726 1659 regi
757 1577 930 1643 Eduardo
958 1579 1120 1656 innotuit,

172 1685 306 1742 secrete
326 1677 374 1741 ibi
398 1697 475 1741 cum
498 1677 571 1740 suis
593 1676 675 1741 viris
698 1696 871 1742 armorum
899 1677 1042 1755 latebat,
1059 1698 1119 1743 ne-

172 1776 359 1842 scientibus
387 1776 624 1858 Francigenis.
682 1775 786 1840 Miles
813 1795 895 1840 vero
921 1777 1118 1859 praedictus,

167 1874 277 1958 juxta
304 1877 580 1953 conventionem,
602 1875 696 1940 misit
718 1875 882 1958 quosdam
905 1876 948 1939 de
970 1876 1055 1954 suis,
1080 1886 1119 1941 ut

172 1974 318 2039 liberum
340 1975 519 2040 introitum
542 1976 721 2052 haberent,
737 1975 873 2038 nomine
895 1995 972 2052 suo,
988 1977 1024 2039 in
1041 1995 1118 2040 cas-

172 2081 265 2138 trum
296 2076 519 2159 praedictum:
559 2075 684 2158 quibus
720 2074 898 2156 ingressis,
931 2093 1018 2157 pons
1054 2076 1118 2158 lig·
1131 2099 1245 2138 wercum

171 2192 257 2246 neus
291 2182 372 2239 ante
403 2175 493 2239 fores
531 2176 648 2239 subito
680 2174 837 2239 elevatus
869 2175 1007 2239 clausos
1046 2166 1117 2239 ³rc·
1130 2150 1270 2238 iiiiii&
1314 2168 1316 2173 ’

171 2273 275 2338 clusit
296 2275 480 2357 ingressos.
532 2274 619 2339 Mox
640 2293 703 2337 rex
727 2273 919 2338 Edwardus
935 2282 1037 2339 extra
1053 2275 1119 2339 vil-

172 2371 242 2437 lam
260 2372 406 2439 Galesiae
428 2393 507 2438 cum
531 2374 603 2438 suis
621 2393 780 2456 egressus
804 2374 957 2438 animose
978 2375 1119 2438 Franci-

172 2491 281 2554 genas
316 2481 370 2538 est
399 2493 598 2556 aggressus,
627 2472 717 2536 unde
743 2474 861 2555 gravis
884 2493 1002 2556 pugna
1029 2476 1120 2539 inter

172 2572 325 2638 Francos
338 2580 374 2638 et
390 2572 559 2656 Anglicos
574 2579 629 2637 est
641 2580 787 2647 exorta;
811 2593 891 2637 uam
906 2580 978 2638 tam
994 2574 1120 2639 acriter

172 2681 362 2754 pugnatum
387 2680 441 2737 est
462 2681 611 2756 utraque
627 2679 727 2754 parte
748 2673 840 2755 quod
858 2674 917 2737 vix
934 2693 1012 2737 cum
1038 2694 1119 2756 rege

172 2770 344 2838 Edwardo
386 2779 626 2836 remanserunt
659 2787 758 2836 xxx.
789 2772 832 2835 de
866 2773 950 2849 suiS,
983 2782 1119 2837 tantum

170 2879 268 2935 erant
285 2890 361 2936 cum
376 2872 600 2954 Francigenis
617 2872 788 2953 occupati,
816 2872 896 2935 Rex
915 2872 1119 2948 EdwarduS,

172 2989 277 3052 super
314 2970 378 3035 hoc
419 2970 617 3053 aliqualiter
656 2972 890 3052 perturbatae,
931 2973 1119 3052 evaginato

172 3069 302 3150 gladio,
335 3069 437 3148 dixit,
471 3069 561 3136 ‘Ha
596 3071 686 3134 seint
726 3070 900 3134 Edward!
946 3069 991 3134 ha
1029 3071 1119 3136 seint

172 3167 312 3251 George
327 3170 359 3235 Ι’
446 3170 526 3249 Quo
577 3170 708 3246 audito,
748 3168 929 3232 confestim
977 3169 1117 3250 Anglici

171 3267 389 3333 confluebant
428 3269 471 3336 ad
502 3290 592 3344 eum,
631 3277 666 3333 et
703 3268 796 3332 sacto
832 3267 962 3350 impetu
999 3275 1121 3332 contra

169 3366 285 3432 hostes
318 3369 476 3452 graciose
513 3369 792 3452 praevaluerunt3
839 3367 890 3431 sic
928 3367 1021 3450 quod
1055 3367 1119 3430 du·

168 3469 259 3531 canti
290 3486 335 3531 ex
356 3468 425 3532 illis
448 3469 643 3533 ceciderant
673 3467 855 3544 interfecti,
881 3476 984 3550 capto
1010 3467 1119 3531 milite

171 3566 370 3648 supradicto
395 3588 474 3632 cum
502 3568 657 3650 pluribus
681 3567 771 3643 aliis,
795 3567 917 3631 ceteris
942 3568 978 3631 in
1000 3565 1120 3648 sugam

171 3664 375 3731 conversis⁴

221 3766 302 3832 Hoc
331 3785 423 3830 anno
445 3766 531 3831 obiit
558 3764 725 3848 magister
745 3765 769 3830 J
772 3784 901 3829 oannes
921 3765 964 3829 dc
986 3765 1266 3843 &ordenamus

170 3865 395 3930 cancellarius
410 3866 562 3948 Angliae,
578 3865 710 3929 electus
726 3871 762 3928 et
777 3864 998 3928 confirmatus
1016 3855 1050 3928 in
1066 3884 1120 3928 ar·
1134 3841 1255 3930 iiiiii,

1133 3941 1217 3990 plagas.

169 4043 239 4092 lence
253 4057 295 4092 see
304 4042 444 4107 Knightcn,
457 4043 491 4094 X.
503 4043 594 4106 Script.
606 4059 633 4104 p.
694 4036 704 4068 ³
720 4037 857 4100 ‘inclusit’
867 4041 951 4090 Hall's
961 4043 1052 4090 emend.

169 4116 233 4162 2598
244 4117 328 4176 etseq.
539 4109 545 4131 ¹
693 4107 704 4137 ⁴
720 4111 768 4160 See
780 4126 796 4159 a
812 4112 916 4172 graphio
931 4112 1084 4173 description
1097 4111 1126 4161 of

203 4313 214 4346 ¹
232 4317 293 4366 Hali
307 4319 394 4367 would
404 4318 487 4380 prefer
498 4319 560 4368 ‘ut’
659 4322 802 4382 Avesbury,
814 4337 839 4382 p.
853 4325 908 4370 188.
1064 4305 1068 4318 '

601 4406 604 4414 ’
933 4404 948 4438 a
966 4396 982 4440 2
