3146 5038
504 515 764 564 conrruurrro.
1043 498 1109 564 187

156 672 362 738 Edwardum
389 689 504 754 regern
528 669 677 754 Angliee,
706 672 831 736 litteris
859 674 931 737 suis
959 663 1106 755 patenti·

155 775 218 838 bus
234 781 269 838 et
287 772 494 837 authenticis
509 773 588 836 inde
605 771 782 836 confectis.

206 872 286 951 Quo
313 873 415 937 etiarn
445 891 537 936 anno
564 873 723 954 princeps
741 870 880 934 Walliee
901 870 1258 949 Edwardus,r10oe0ung.

155 973 404 1055 primogenitus
432 971 524 1052 regis
548 970 710 1035 Edwardi
736 971 843 1047 tertii,
869 941 1261 1050 v1.dieJulii,lf1ll0⁸03³¹⁸⁰¹

155 1091 233 1135 cum
268 1073 423 1136 exercitu
456 1091 518 1135 suo
550 1072 713 1134 movebat
749 1089 786 1134 se
819 1070 862 1135 de
896 1071 1107 1154 Burdegala,

156 1170 399 1254 transivitque·
424 1190 486 1253 per
517 1170 655 1256 patrias·
686 1170 729 1234 de
761 1170 906 1252 Agines,
938 1170 1107 1256 Peragor,

158 1271 345 1353 Lymosim,
369 1272 478 1355 Berry
496 1277 531 1334 et
560 1269 734 1352 Saloigne,
760 1269 862 1333 villas
887 1290 965 1335 cum
992 1273 1107 1354 patria

156 1371 222 1434 sibi
251 1371 449 1434 resistentes
474 1369 637 1445 incendit,
665 1370 893 1445 vestiaritae
917 1370 1021 1434 etiam
1047 1371 1106 1435 de·

157 1469 338 1552 praedavit.
388 1468 488 1534 Alias
512 1477 628 1533 tamen
652 1469 765 1547 villas,
791 1478 918 1546 castra,
944 1477 979 1534 et
996 1472 1107 1538 muni-

157 1571 268 1633 tiones
287 1569 352 1633 slbi
374 1570 519 1646 reddita,
537 1569 649 1632 tenuit
666 1568 731 1632 sibi
753 1570 817 1633 sub
840 1569 991 1634 tributo:
1015 1571 1107 1652 cepit

158 1689 307 1752 namque
348 1670 385 1732 in
411 1657 482 1733 ista
516 1669 736 1752 expeditione
769 1668 862 1732 ultra
897 1688 960 1734 sex
1000 1670 1109 1735 millia

157 1769 331 1832 hominum
364 1776 586 1846 armatorum,
616 1788 694 1832 cum
732 1760 907 1832 nonnullis
937 1769 1107 1832 nobilibus

158 1875 193 1931 et
217 1867 294 1931 aliis
317 1868 505 1950 generosis,
556 1867 723 1946 Tandem,
750 1869 851 1950 quasi
872 1868 908 1930 in
935 1867 1000 1930 fine
1026 1868 1108 1958 anni
1121 1893 1224 1952 sarusar

157 1968 212 2031 sui
239 1967 420 2046 adventus
449 1955 581 2032 scilicet
610 1984 692 2032 xlx.
722 1967 777 2031 die
805 1966 1026 2052 Septembris,
1053 1969 1109 2032 vel
1122 1944 1230 1984 mmm

158 2067 344 2130 secundum
385 2068 553 2150 quosdam
585 2083 668 2132 xxl.
691 2066 747 2129 dio
786 2065 938 2150 ejusdem
971 2067 1109 2145 mensis,

158 2167 237 2230 dum
254 2156 441 2246 Henricus,
466 2167 539 2230 dux
564 2165 789 2242 Lancastriae‚
817 2166 854 2229 in
881 2163 1010 2232 Minori
1027 2167 1106 2233 Bri·

159 2266 278 2331 tannia
307 2266 399 2332 circa
425 2266 637 2333 obsidionem
667 2265 819 2331 civitatis
839 2265 1013 2332 Rauensis
1036 2286 1109 2331 mo-

159 2386 232 2430 ram
259 2367 434 2442 traxisset,
462 2368 623 2449 princeps
650 2364 790 2432 Walliae
816 2365 1003 2448 praedictus
1030 2385 1109 2430 cum

160 2483 207 2529 vr.
222 2465 385 2542 millibus,
396 2465 503 2550 Juxta
520 2465 694 2530 civitatem
713 2464 967 2542 Pictavensem,
979 2465 1003 2528 J
1006 2467 1110 2532 oanni

159 2567 231 2648 rogi
268 2565 478 2630 Francorum
516 2565 693 2649 copiosum
731 2564 920 2630 exercitum
960 2566 1110 2642 ducenti,
1162 2561 1165 2567 '

161 2665 325 2746 occurrit3
364 2672 410 2744 et,
437 2665 531 2731 facto
559 2683 756 2746 congressu,
787 2681 898 2730 caesus
928 2675 981 2729 est
1010 2685 1110 2732 exer·

160 2765 249 2829 citus
269 2765 492 2842 Francorum,
520 2771 623 2848 capto
651 2783 745 2846 rege,
782 2782 823 2827 ac
846 2763 1009 2847 Philippo
1035 2765 1110 2848 ejus

162 2864 232 2928 lilio
257 2865 407 2947 juniore,
429 2865 566 2931 domino
586 2863 609 2926 J
613 2864 721 2929 acobo
738 2863 780 2928 de
799 2864 973 2941 Burbone,
996 2864 1110 2930 archi·

160 2964 322 3046 episcopo
354 2965 458 3028 etiam
487 2963 689 3039 Senonensi,
716 2962 898 3046 captisque
928 2963 1110 3028 comitibus

162 3081 229 3140 xa,
247 3064 418 3131 nobilibus
441 3080 553 3140 xxm„
568 3063 735 3126 militibus
752 3069 787 3126 et
802 3061 879 3125 aliis
898 3061 980 3126 viris
997 3081 1109 3126 armo·

160 3183 235 3226 rum
262 3162 446 3246 plusquam
469 3180 509 3228 11.
525 3163 655 3241 millia;
691 3161 795 3228 occisi
819 3160 959 3226 fuerunt
984 3161 1020 3225 in
1041 3162 1111 3224 ista

161 3281 278 3344 pugna
294 3270 372 3327 'tres
398 3263 515 3340 duces,
543 3280 620 3327 xlx.
651 3261 768 3344 magni
790 3259 927 3338 domini,
957 3261 1111 3343 quinque

161 3362 268 3425 millia
286 3368 507 3447 armatorum,
526 3369 561 3426 et
577 3361 704 3443 vulgus
724 3360 823 3443 quasi
838 3358 1111 3424 innumerabile.l

164 3462 278 3525 Finito
304 3461 408 3538 bello,
427 3463 586 3544 princeps
616 3461 813 3542 praedictus,
839 3459 968 3523 ducens
995 3478 1110 3524 secum

161 3561 342 3643 praefatum
379 3561 403 3624 J
406 3581 551 3625 oannem
591 3580 706 3642 regem
747 3561 971 3636 Francorum,
1011 3560 1112 3623 rediit

163 3660 393 3741 Burdegalam
424 3679 502 3724 cum
533 3661 643 3742 gloria
671 3668 707 3725 et
731 3659 915 3742 triumpho.
971 3659 1025 3723 De
1047 3660 1112 3724 hac

162 3760 354 3823 admirabili
392 3760 550 3836 victoria,
586 3759 725 3841 quidam
766 3757 935 3839 Anglicus
980 3759 1111 3822 versifi-

162 3857 289 3922 candel
311 3860 361 3923 sio
384 3860 454 3924 ait:

685 4045 696 4074 ²
711 4047 793 4096 'lbere
805 4061 890 4096 verses
907 4062 949 4096 are
962 4051 1006 4094 not
1021 4062 1112 4109 appro-

199 4083 204 4113 Ι
222 4088 270 4136 see
281 4087 414 4168 Knight‘m
428 4088 467 4136 f⁰¹⁵
481 4085 525 4168 ‚the
540 4099 626 4166 ”anles
650 4119 750 4180 prieted
766 4118 800 4178 by
809 4117 991 4178 Walsiugham,
1008 4118 1057 4167 and
1068 4118 1111 4166 the

161 4158 189 4205 ol
196 4157 238 4206 the
247 4156 318 4205 chres
324 4171 428 4217 persons
440 4157 505 4205 slarn
514 4160 540 4204 at
552 4157 624 4204 Porc¹¹
650 4189 774 4236 narrative
788 4187 872 4236 which
885 4187 984 4236 follows
1000 4189 1022 4240 is
1036 4188 1112 4236 much

162 4228 366 4289 tiers,2613-14;
385 4227 436 4275 and
445 4239 512 4274 more
523 4225 588 4286 sully
600 4226 626 4274 in
651 4258 770 4320 enlarged
788 4259 814 4305 in
832 4257 871 4305 his
888 4257 999 4320 nowery,
1013 4257 1059 4307 but
1070 4263 1113 4306 not

162 4297 305 4359 Avessbury’
317 4313 342 4358 Ρ·
354 4301 403 4346 252
413 4300 437 4344 ⁶³
448 4311 496 4358 ⁸⁶4¹
651 4328 872 4388 over-scrupulous
883 4327 988 4388 history.
