3146 5038
541 479 762 528 canonicos.
1004 547 1009 560 Ι
1064 467 1129 530 167

170 657 296 722 papam
329 639 371 704 de
397 659 487 705 novo
510 640 640 706 factum
667 641 923 724 imperatorem,
950 648 986 706 et
1010 651 1123 724 regem

173 738 433 822 Majoricarum,
461 759 540 803 cum
564 740 641 806 aliis
671 741 892 821 magnatibus
912 742 1125 824 quampluri·

175 840 253 914 mis,
284 840 343 921 qni
377 858 591 904 communem
632 839 909 905 distributionem
941 849 1126 922 expectare

171 946 475 1021 praesumpserunt.
496 938 837 1006 Vexillariusautem
854 940 945 1021 regis
956 941 1126 1023 praedicti,

172 1037 246 1101 vita
268 1039 439 1119 privatus,
465 1038 631 1104 vexillum
659 1039 818 1106 suumin
845 1057 968 1122 campo
996 1039 1126 1105 dimisit

174 1137 329 1202 totaliter
350 1137 586 1204 dilaceratum.
639 1134 857 1202 ¹Oritlamma
873 1137 1031 1202 similiter
1047 1159 1124 1204 cum

173 1235 426 1321 baJulatoribus
443 1236 552 1320 ipsius
566 1237 778 1302 consimilem
797 1238 1007 1320 sequebatur
1024 1238 1124 1303 effec-

173 1341 260 1412 tum,
287 1337 339 1401 ita
363 1335 455 1418 qnod
481 1355 550 1400 non
568 1343 705 1420 oportet
730 1338 821 1401 inter
844 1337 1006 1419 reliquias
1029 1338 1125 1402 illam

174 1433 305 1499 diutius
322 1435 489 1500 venerari.

225 1535 295 1599 Die
330 1535 449 1618 itaque
484 1553 595 1617 nsque
631 1533 675 1599 ad
710 1535 811 1600 finem
843 1545 1029 1612 transacto,
1063 1555 1126 1601 rex
1139 1555 1267 1597 ratmot

176 1631 328 1715 Angliae,
361 1654 440 1698 cnm
482 1641 557 1700 toto
590 1635 746 1700 exercitu
779 1655 856 1713 suo,
893 1636 973 1700 Dno
1007 1655 1126 1717 regra·
1139 1606 1282 1657 mmm

176 1732 276 1809 tiato,
306 1753 450 1798 manens
482 1734 616 1816 integer
649 1741 684 1798 et
713 1735 856 1810 illaesus,
893 1754 956 1799 nec
990 1735 1127 1818 aliquos

177 1831 326 1914 perdidit
365 1833 415 1910 de
440 1833 557 1897 valore
594 1833 854 1915 computandos,
890 1841 1016 1916 praeter
1041 1834 1128 1899 duos

178 1931 305 1996 milites
333 1939 369 1996 et
397 1951 503 1996 uuum
530 1933 751 2014 armigerum,
776 1952 922 2016 quorum
949 1933 1129 1998 animabus

178 2030 385 2113 propitietur
412 2033 538 2097 Dnus!
593 2031 699 2098 Multi
720 2033 858 2116 quidem
878 2030 1016 2113 Anglici
1036 2032 1129 2096 inse-

179 2131 374 2212 quebantur
399 2129 555 2196 Gallicos
578 2131 761 2212 fugientes,
776 2133 836 2196 sed
858 2131 931 2196 dies
957 2150 1026 2194 non
1051 2149 1129 2214 per·

179 2229 293 2293 misit:
330 2231 523 2295 obscuritas
553 2231 680 2295 etenim
717 2231 828 2295 noctis
857 2231 1130 2313 supervenientis

181 2329 421 2407 obumbrabat,
437 2329 529 2412 quod
546 2329 611 2394 riis
628 2329 786 2394 omnibus
803 2331 956 2412 oportuit
979 2337 1051 2394 tam
1067 2330 1129 2393 do·

184 2428 315 2491 minum
341 2448 455 2511 regem
483 2447 587 2511 quam
610 2436 754 2493 caeteros
771 2431 806 2492 in
823 2430 900 2494 loco
918 2429 1038 2494 eodem
1056 2449 1131 2511 peru

183 2534 349 2602 noctarc;
390 2535 426 2592 et
461 2529 511 2593 sic
547 2547 584 2592 se
610 2528 719 2611 quieti
751 2529 918 2593 dederunt
944 2528 1019 2607 tali,
1037 2528 1131 2611 quali

182 2627 359 2692 Douruus
399 2628 468 2692 illis
509 2627 698 2692 destinavit
744 2647 807 2709 pro
859 2635 1025 2711 tempore,
1069 2647 1132 2692 nec

183 2734 237 2791 est
280 2727 427 2791 multum
466 2727 627 2792 credibile
670 2735 710 2791 ut
754 2747 859 2810 sopor
896 2728 1021 2792 nimius
1053 2727 1132 2791 illos

185 2835 384 2908 occuparet,
412 2846 501 2909 quos
530 2828 683 2892 eminens
708 2827 897 2909 pericnlum
920 2846 999 2890 cnm
1027 2845 1132 2909 penu-

96 2989 99 2994 .
185 2925 237 2989 ria
281 2926 523 2992 alimentorum
556 2926 706 2990 maxime
745 2926 919 3008 fatigaret.
972 2925 1132 3007 Vigilan-
1146 2949 1289 2997 messura,

185 3025 277 3089 tibus
316 3026 422 3108 igitur
461 3025 543 3108 quia
582 3045 711 3090 corona
752 3026 976 3107 promittitur,
1010 3043 1136 3089 aurora
1146 2998 1265 3096 ffi'ffiid

184 3125 365 3205 ingruente
394 3131 430 3189 et
461 3125 572 3188 lucem
601 3124 668 3189 diei
696 3125 770 3210 jam
807 3126 977 3203 initiante,
1012 3097 1253 3206 ν’ἰςίΙθεῖιᾞῨώιθ

185 3243 288 3306 super
333 3225 445 3289 noctis
478 3223 666 3302 custodias,
706 3223 823 3290 hostes
862 3244 944 3289 suos
980 3222 1136 3289 Gallicos

185 3322 350 3404 fugitivos
379 3325 540 3406 prosequi
567 3343 638 3387 non
664 3325 858 3400 cessabant,
884 3323 1042 3406 captivos
1065 3330 1137 3386 tru-

187 3421 362 3500 cidabant,
397 3423 588 3488 trucidatos
618 3423 828 3505 spoliabant,
860 3423 973 3506 spolia
1006 3421 1137 3486 divide-

188 3523 285 3598 bant,
301 3529 429 3586 sortem
446 3523 622 3586 mittentes
638 3522 728 3586 inter
744 3542 782 3586 se
800 3523 877 3605 quis
892 3523 974 3605 quid
989 3521 1138 3598 tolleret,

188 3639 230 3684 eo
247 3620 339 3704 qnod
365 3641 434 3685 non
459 3620 650 3686 habebatur
678 3621 894 3687 resistentia:
923 3629 1022 3687 erant
1048 3621 1138 3685 enim

187 3721 287 3802 quasi
320 3740 403 3786 oves
433 3727 600 3795 errantes,
631 3730 770 3803 pastore
800 3719 937 3788 sublato
970 3729 1005 3786 et
1034 3739 1140 3802 grege

189 3819 357 3901 disperso,
380 3819 460 3884 dum
486 3820 624 3901 quidem
647 3822 691 3884 ad
709 3820 912 3885 occisionem
930 3839 1048 3884 vocem
1073 3839 1141 3882 non

190 3919 385 3984 emiserunt.
433 3918 574 4001 Anglici
600 3940 693 3995 vero,
712 3921 754 3984 de
778 3919 998 4002 pauperibus,
1017 3918 1141 3982 divites

188 4027 270 4082 sunt
280 4018 406 4097 effecti3
419 4018 491 4102 jam
506 4019 746 4100 tripudiantest,
759 4019 901 4102 jamque
915 4018 1142 4093 letificantes,

530 4249 537 4279 ¹
555 4249 742 4314 ‘Olotlamma‚’
755 4252 814 4301 MS.
