3134 5046
276 644 351 684 Tenns
360 643 384 682 ot

277 695 314 733 the
322 697 387 736 truce.

439 453 504 518 142
782 469 817 516 Α.
837 467 1052 516 uuaruuru.

439 626 538 706 ginta
570 624 702 690 diebus.
777 623 877 698 Item,
912 624 1005 706 quod
1038 642 1157 688 omnes
1188 625 1391 690 incarcerati

404 795 407 800 ,
439 732 475 788 et
491 725 585 807 capti
603 723 681 788 binc
706 731 741 788 et
764 723 852 799 inde,
871 731 907 787 et
932 723 1048 786 omnia
1072 725 1162 788 bona
1185 733 1300 806 capta,
1329 725 1392 788 du·

438 832 537 908 rante
561 823 760 888 sufferentia
786 843 848 905 per
875 823 985 888 dictos
1015 823 1170 890 dominos
1201 825 1391 889 cardinales

438 944 548 1006 nuper
568 923 671 1003 facta,
700 923 871 999 videlicet,
897 941 919 986 a
939 923 994 986 die
1010 923 1192 988 Dominico
1209 931 1289 988 ante
1307 925 1390 988 fest·

439 1041 497 1086 um
530 1024 643 1090 sancti
667 1023 843 1090 Vincentii
871 1023 1029 1104 proximo
1059 1022 1174 1087 futuro
1202 1044 1313 1106 usque
1347 1024 1391 1087 ad

439 1123 529 1189 diem
552 1131 771 1205 praesentem,
787 1121 1015 1190 extrahantur
1031 1141 1053 1184 a
1075 1141 1212 1186 carcere
1233 1132 1269 1186 et
1284 1124 1391 1187 libere

438 1222 668 1300 dimittantur,
685 1229 721 1286 et
741 1221 940 1298 reddantur,
959 1223 996 1286 in
1016 1228 1182 1303 quantum
1204 1223 1308 1288 fuerit
1337 1241 1391 1286 ra·

440 1323 553 1386 nonis.
606 1322 709 1399 Item,
744 1320 848 1404 quod,
871 1320 1074 1386 durantibus
1112 1321 1214 1385 dictis
1249 1323 1392 1404 treugiS,

438 1420 543 1485 nullae
575 1421 758 1496 novitates
798 1440 862 1486 nec
891 1421 1083 1502 misprisiee,
1117 1421 1203 1485 fiant
1239 1422 1283 1485 ab
1321 1441 1392 1486 una

439 1528 537 1603 parte
571 1529 691 1584 contra
723 1519 839 1596 aliam,
867 1520 905 1586 iu
944 1518 1181 1603 praejudicium
1220 1520 1391 1585 dictarum

439 1627 650 1703 treugarum,
677 1629 712 1684 et
735 1626 922 1702 respectus.
985 1619 1086 1696 Item,
1106 1621 1198 1703 quod
1226 1620 1310 1684 dicti
1332 1621 1393 1684 do·

439 1719 522 1785 utini
554 1719 786 1804 ooadJutores‚
818 1719 1007 1802 adjutores,
1033 1727 1068 1783 et
1096 1720 1230 1800 alligati
1259 1739 1391 1797 eorum,

439 1820 635 1902 quicunque
662 1819 743 1896 sint,
761 1820 986 1884 remanebunt
1011 1821 1046 1882 in
1072 1819 1133 1883 tali
1164 1819 1391 1902 possessione,

439 1919 527 1988 etin
545 1919 608 1984 tali
631 1919 770 1996 saisina,
787 1919 823 1982 in
840 1937 909 2002 qua
930 1925 1011 1982 sunt
1034 1917 1148 1995 bodie,
1169 1919 1211 1982 do
1233 1920 1392 1984 omnibus

439 2019 549 2096 bonis,
566 2018 679 2096 terrie,
706 2025 740 2084 et
769 2019 1054 2099 possessionibus
1087 2037 1165 2100 quae
1193 2025 1325 2094 tenent,
1357 2028 1392 2084 et

440 2119 695 2201 acquisiverunt
723 2137 861 2200 quoquo
884 2117 998 2194 modo,
1021 2119 1152 2200 treugis
1176 2119 1391 2184 durantibus.

441 2214 543 2296 Item,
571 2218 662 2300 quod
696 2217 797 2283 dictis
829 2218 959 2299 treugis
992 2218 1195 2282 durantibus
1219 2218 1302 2282 dicti
1333 2219 1393 2284 do.

440 2318 523 2380 mini
552 2317 739 2401 adjutores,
765 2325 802 2383 et
826 2317 1058 2401 coadjutores,
1082 2325 1117 2382 et
1142 2318 1276 2398 alligati
1302 2317 1392 2400 ipso·

441 2437 528 2494 rum,
547 2419 742 2500 quicunqne
765 2417 847 2494 sint,
866 2417 1015 2500 poterint
1037 2417 1087 2480 ire
1112 2436 1230 2481 secure
1259 2417 1302 2480 de
1324 2437 1393 2482 una

441 2518 556 2598 patria
586 2517 629 2580 ad
665 2511 818 2586 aliems
843 2517 890 2582 Et
920 2535 1038 2600 omnes
1065 2525 1284 2593 mercatores,
1316 2537 1394 2582 cum

442 2617 598 2678 omnibus
623 2635 740 2679 eorum
773 2616 986 2692 mercaturis,
1020 2622 1056 2679 et
1086 2617 1197 2680 omnis
1225 2618 1393 2680 maneries

441 2715 608 2795 gentium,
629 2716 808 2791 bonorum,
831 2723 868 2779 et
888 2715 1135 2797 provisionum,
1151 2723 1223 2780 tam
1245 2735 1307 2798 per
1323 2725 1393 2780 ter-

442 2834 528 2892 ram,
563 2834 667 2898 quam
693 2834 755 2898 per
779 2833 904 2897 aquam
932 2822 968 2878 et
992 2834 1053 2897 per
1076 2834 1181 2892 mare,
1205 2815 1255 2879 ita
1286 2816 1393 2879 libere

442 2916 534 2980 sicut
559 2909 718 2980 solebant
739 2915 855 2978 venire
879 2922 915 2978 et
945 2915 996 2978 ire
1021 2921 1176 2996 tempore
1202 2915 1394 2996 praedeces·

442 3033 559 3078 sorum
592 3014 762 3079 dictorum
804 3033 937 3096 regum,
975 3013 1140 3078 soluendo
1173 3014 1323 3095 pedagia
1358 3022 1394 3078 et

443 3114 594 3196 vynagia
626 3131 705 3195 quae
736 3122 902 3178 consueta
934 3122 1015 3178 sunt
1046 3114 1201 3195 integre;
1237 3115 1393 3196 exceptis

443 3214 594 3278 bannitis
621 3213 664 3276 de
689 3213 792 3292 dictis
822 3213 949 3295 regnis,
965 3224 1027 3277 ant
1054 3213 1171 3297 aliquo
1195 3213 1392 3290 eorundem,

442 3333 505 3394 pro
545 3314 622 3378 aliis
664 3313 779 3378 causis
818 3332 922 3393 quam
960 3332 1023 3394 pro
1062 3331 1186 3393 guerra
1224 3312 1393 3376 dictorum

442 3431 573 3493 regum.
625 3411 692 3476 Sed
717 3413 862 3476 barones
884 3411 927 3475 de
944 3412 1135 3488 Britannia,
1150 3420 1186 3476 et
1205 3411 1247 3476 de
1266 3413 1394 3476 ducatu

443 3509 655 3592 Aquitaniae,
677 3518 714 3574 et
736 3512 813 3577 aliae
837 3530 993 3592 personae
1017 3510 1060 3574 de
1075 3511 1263 3586 Vasconis,
1292 3518 1327 3575 et
1352 3512 1395 3576 de

442 3611 536 3673 dicto
560 3610 700 3686 ducatu,
720 3609 884 3696 [banniti]
904 3610 959 3676 vel
976 3610 1047 3688 alii,
1064 3610 1397 3693 comprehendantur

443 3710 478 3772 in
497 3709 599 3773 dictis
614 3711 757 3791 treugis,
779 3720 814 3774 et
831 3718 994 3792 poterunt
1011 3711 1061 3774 ire
1084 3717 1119 3774 et
1135 3711 1252 3774 venire
1268 3711 1310 3774 de
1326 3727 1395 3775 una

444 3809 558 3891 patria
574 3809 618 3874 ad
635 3809 750 3886 aliam,
765 3809 966 3873 durantibus
983 3810 1085 3874 dictis
1102 3811 1248 3890 treugis·

495 3908 616 3984 ‘Item‚
642 3909 742 3990 quod,
764 3908 819 3972 die
847 3910 998 3974 crastina
1025 3909 1126 3973 diotae
1159 3917 1293 3991 treugae
1324 3911 1394 3974 sint

443 4008 666 4090 proclamatee
702 4009 738 4074 in
779 4007 880 4072 dictis
926 4008 1059 4072 duobus
1093 4009 1322 4090 exercitibus3
1361 4018 1397 4074 et

445 4115 628 4172 teneantur
652 4125 711 4174 eas
738 4114 854 4172 tenere
887 4115 923 4174 et
950 4109 1134 4173 observare
1164 4127 1283 4172 omnes
1309 4128 1397 4192 pree-

446 4214 572 4283 sentes,
599 4213 634 4269 et
660 4207 719 4271 atii
747 4207 806 4288 qui
837 4225 896 4270 eas
924 4209 1012 4272 scire
1043 4215 1207 4290 poterunt
1232 4216 1267 4272 et
1294 4209 1396 4272 debe-
