3134 5046
277 671 384 712 Edward'r

275 723 338 761 letter
347 725 369 762 to

277 772 371 813 alfonso.

439 481 504 546 124
769 496 804 543 A.
831 493 1046 543 uunruuru.

439 673 501 737 per
529 652 816 717 commissameis
838 671 860 716 a
883 653 982 714 nobis
1009 651 1219 716 credentiam
1236 651 1393 717 ²coirces·

439 773 514 818 sum
524 753 623 818 nobis
639 750 772 836 pridem
782 751 948 816 divinitus
963 771 1067 834 super
1076 752 1234 818 inimicos
1247 753 1326 817 fidei
1337 753 1395 817 tri-

439 853 604 936 umphum
619 851 821 934 gloriosum,
836 851 1056 916 laudabiliter
1072 852 1300 926 nunciarunt3
1335 853 1394 916 ad-

433 953 593 1036 jicientes
609 951 701 1034 quod
716 951 914 1016 reformatio
931 953 1028 1034 pacis
1044 952 1134 1016 inter
1146 972 1210 1016 nos
1221 961 1256 1017 et
1270 953 1393 1016 adver-

438 1053 567 1116 sarium
589 1059 746 1136 nostrum
770 1049 940 1136 Franciae,
955 1058 1029 1114 tam
1050 1071 1097 1116 ex
1120 1050 1301 1116 affectione
1324 1071 1394 1134 qua

439 1153 539 1217 nobis
548 1150 734 1229 afficimini,
747 1157 820 1214 tam
829 1157 973 1233 propter
981 1151 1175 1215 habendum
1190 1159 1395 1217 nostramet

439 1252 586 1316 aliorum
599 1251 792 1334 principum
810 1251 1055 1315 contradictus
1071 1251 1228 1316 inimicos
1243 1251 1324 1316 fidei
1341 1269 1393 1316 as·

438 1352 631 1416 sistentiam
642 1356 677 1414 et
685 1351 1002 1428 succursum,v0bis
1011 1351 1393 1432 admodumestvotiva,

439 1457 476 1515 et
491 1451 584 1533 quod
609 1450 653 1514 ad
679 1449 758 1527 hoc,
772 1456 814 1515 ut
833 1451 1024 1515 communis
1040 1451 1183 1527 amiona
1197 1451 1393 1534 interpone-

439 1551 523 1615 retis
540 1550 764 1626 libentissime
786 1558 904 1632 partes
922 1557 1067 1628 vestras,
1089 1558 1256 1633 qnantum
1274 1556 1393 1633 posset

440 1649 513 1712 fieri
547 1669 625 1713 cum
661 1658 858 1715 nostrorum
895 1649 1155 1715 confirmatione
1185 1649 1318 1734 jurium
1358 1658 1393 1715 et

439 1748 598 1830 honoris3
625 1757 660 1813 et
684 1749 940 1834 subjunxerunt
966 1749 1002 1813 in
1026 1749 1106 1826 line,
1130 1749 1222 1832 quod
1240 1749 1393 1832 placeret

440 1842 553 1926 nobis,
567 1857 606 1914 ut
622 1849 714 1913 inter
728 1857 862 1914 vestros
878 1855 913 1912 et
929 1857 1066 1912 nostros
1085 1849 1254 1926 subditos,
1267 1850 1391 1914 saltem

440 1968 547 2032 supra
561 1969 666 2026 mare,
682 1948 828 2013 unitatis
844 1948 977 2030 vigeret
1000 1948 1182 2013 amoenitas
1199 1955 1234 2012 et
1251 1949 1393 2016 amoris·

441 2048 487 2112 Et
503 2048 695 2131 quidemde
709 2069 750 2112 ec
768 2047 860 2131 quod
876 2049 919 2111 ad
933 2059 998 2111 nos
1013 2068 1075 2130 per
1087 2046 1391 2112 annunciationem

439 2155 546 2211 tantae
563 2148 779 2230 triumphalis
793 2147 948 2212 victoriae
965 2165 1028 2211 nos
1038 2167 1194 2211 recreare
1210 2155 1282 2212 tam
1300 2169 1393 2214 ama·

439 2247 555 2312 biliter
582 2248 742 2314 voluistis
770 2254 887 2328 grates
918 2247 1017 2311 vobis
1046 2246 1236 2324 referimus,
1261 2249 1392 2330 gratias

439 2346 659 2412 exsolventes
674 2345 1016 2428 Anrrss1n0,quisic
1029 2346 1073 2410 ad
1087 2347 1261 2429 publicam
1274 2347 1392 2412 Chris-

440 2446 612 2509 tianorum
642 2447 810 2523 laetitiam,
837 2452 872 2509 et
902 2453 1090 2528 perpetuos
1120 2446 1232 2510 laudis
1266 2455 1392 2514 vestrae

440 2545 572 2622 titulos,
583 2546 849 2610 misericorditer
866 2564 928 2609 vos
940 2546 1113 2628 respexit3
1132 2551 1168 2609 et
1184 2566 1228 2609 ex
1242 2566 1284 2610 eo
1299 2549 1392 2629 quod

438 2645 474 2708 in
489 2644 730 2710 reformatione
745 2645 842 2727 pacis
857 2664 961 2728 qnam
977 2646 1116 2728 cupitis,
1134 2665 1210 2708 esse
1228 2645 1336 2710 vultis
1349 2649 1392 2712 de

439 2745 700 2809 conservatione
717 2745 857 2809 honoris
879 2745 992 2810 nostri
1007 2745 1146 2822 soliciti,
1165 2745 1263 2809 vobis
1285 2749 1391 2811 etiarn

440 2845 668 2927 regratiamur
687 2864 733 2908 ex
758 2843 873 2921 corde,
895 2863 965 2926 quo
987 2845 1075 2909 scire
1096 2844 1179 2909 velit
1201 2851 1318 2910 vestra
1340 2867 1390 2910 re-

439 2944 498 3025 gia
526 2945 707 3022 celsitudo,
731 2951 873 3027 propter
898 2943 1184 3008 necessitudinem
1211 2947 1391 3026 sanguinis

439 3063 509 3126 qua
546 3045 791 3120 connectimur,
829 3061 933 3126 quarn
970 3045 1142 3108 intensum
1184 3043 1390 3109 desiderium

323 3140 329 3148 '
438 3143 529 3225 quod
551 3143 729 3220 habemus,
745 3152 783 3208 ut
800 3143 903 3207 simul
929 3163 1107 3224 possemus
1123 3143 1166 3207 ad
1191 3145 1391 3208 meritorum

439 3251 635 3308 nostrorum
661 3243 836 3307 cumulum
861 3241 961 3306 bellis
983 3243 1175 3307 Dominicis
1203 3243 1392 3323 intendero,

440 3348 475 3406 et
497 3343 581 3408 fines
608 3342 821 3407 credentium
847 3341 1005 3419 dilatare,
1029 3342 1215 3406 concedere
1234 3345 1392 3426 cupimus

439 3450 606 3525 quantum
633 3443 809 3508 commode
832 3442 1021 3525 poterimus
1041 3443 1132 3506 votis
1157 3441 1292 3507 vestris.
1345 3445 1393 3508 Et

439 3541 515 3606 ideo
543 3561 621 3606 cum
646 3542 714 3623 [in]
738 3541 889 3606 adventu
916 3541 1070 3622 ipsorum
1092 3542 1306 3620 nunciorum,
1328 3563 1392 3626 per

439 3640 607 3723 quosdam
622 3640 785 3722 alligatos
803 3647 953 3718 nostros,
971 3648 1007 3704 et
1024 3640 1124 3718 alica,
1136 3640 1319 3705 fuissemus
1335 3663 1390 3708 rc-

438 3741 521 3822 gati,
536 3747 575 3804 ut
589 3740 666 3822 [ad]
683 3741 961 3824 prorogationem
982 3739 1162 3824 cujusdam
1184 3747 1318 3823 treugae
1338 3744 1389 3806 in·

438 3849 491 3904 ter
509 3859 572 3905 nos
593 3847 629 3905 et
643 3840 772 3905 dictum
790 3840 1026 3904 adversarium
1047 3847 1201 3904 nostrum
1217 3859 1327 3924 usque
1345 3845 1388 3906 ad

438 3940 563 4004 festum
592 3940 840 4006 Deccllationis
878 3940 990 4004 sancti
1016 3929 1187 4004 lobannis
1218 3940 1389 4024 Baptistae

438 4041 633 4122 proximum
656 4021 822 4117 futurum,
842 4058 1040 4104 curaremus
1058 4039 1264 4117 consentire,
1287 4041 1389 4106 diotae

440 4139 675 4221 prorogationi
698 4139 876 4222 potissime
906 4138 1180 4204 consideratione
1201 4148 1330 4219 vestra,
1354 4148 1389 4206 et

615 4289 622 4319 ¹
641 4292 648 4320 ‘
658 4291 810 4343 Concessum
820 4294 893 4344 nobie
903 4293 1002 4355 pridem
1012 4291 1152 4356 divinitus‚'
1162 4290 1222 4343 MS.
