3134 5046
547 518 768 566 cunourcou.
1080 506 1121 570 87

163 673 347 738 solverunt
378 673 421 737 ad
450 674 694 755 gravissimum
723 694 812 740 onus
843 676 1008 758 ipsorum,
1039 680 1121 760 quia

162 773 209 836 ad
226 772 370 855 duplum
385 773 674 855 quintae-decimee
690 775 785 856 prius
808 774 931 839 solutae
950 797 1011 858 pcr
1027 798 1098 842 eos.

219 871 323 949 Item,
347 872 411 935 hoc
452 891 542 936 anno
583 892 705 954 parum
739 880 820 938 ante
854 873 1003 952 Pascha,
1042 877 1119 941 Ste-

163 963 315 1052 phanus,
354 973 535 1056 episcopus
567 971 830 1050 Londoniensis,
854 975 899 1037 ab
939 975 1004 1038 hac
1043 976 1119 1040 luce
1216 1053 1218 1056 ¹

164 1071 351 1151 migravit3
390 1079 425 1134 et
465 1072 557 1134 circa
589 1072 715 1135 festum
741 1072 957 1138 Inventionis
989 1082 1119 1140 sanctae

165 1168 289 1232 Crucis
335 1169 465 1234 electus
504 1170 570 1234 suit
608 1171 825 1236 concorditer
862 1171 1034 1236 Ricardns
1076 1174 1119 1238 de

165 1269 388 1350 Byntworth,
415 1269 475 1352 qui
507 1270 599 1334 circa
632 1270 758 1334 festum
779 1270 1003 1336 Ascensioois
1026 1273 1118 1355 apud

166 1367 340 1432 Ottefford
384 1368 451 1433 fuit
474 1389 537 1451 per
562 1368 856 1452 archiepiscopum
884 1371 1118 1449 confirmatus,

165 1474 201 1530 et
231 1469 324 1530 circa
349 1466 474 1531 festum
501 1469 613 1536 sancti
639 1467 662 1532 J
665 1468 810 1532 ohannis
840 1470 931 1552 apud
949 1470 1119 1536 Lambeth

164 1586 227 1648 per
245 1565 495 1632 cicestrensem
511 1567 708 1650 episcopum
726 1568 969 1634 consecratus.1

166 1800 295 1848 GALEAE
335 1802 440 1849 REGIS
478 1802 646 1850 FRANGIAE
686 1803 1022 1854 SOU'I'HAMPTONIAM
1058 1809 1120 1854 DE·

219 1901 465 1949 PRAEDARUNT.
534 1903 622 1949 l‘l'EM
646 1904 692 1949 DE
716 1905 887 1953 ADVEN'I'U
911 1877 1043 1954 EORUM·
1062 1907 1120 1953 SE·

222 2000 355 2048 CUNDO.

221 2160 329 2221 Auno
353 2157 495 2221 Donum
525 2175 822 2236 mcccxxxvrrr„
849 2160 1028 2226 Benedicti
1058 2181 1120 2243 pa-

169 2277 225 2341 pae
242 2256 434 2320 duodecimi
451 2265 589 2339 quarto,
605 2259 703 2340 regni
728 2261 819 2340 regis
838 2259 1000 2324 Edwardi
1029 2263 1121 2324 tertii

169 2378 192 2422 a
217 2364 406 2438 conquestu
430 2355 643 2433 duodecimo,
675 2358 789 2422 aetatis
812 2360 993 2425 scribentis
1022 2379 1121 2424 sexa·

170 2457 303 2539 gesimo
317 2453 468 2537 quarto,2
483 2455 677 2538 incipiendo
699 2475 721 2519 a
736 2456 825 2521 sesto
842 2459 953 2522 sancti
970 2458 1122 2522 Michae-

170 2556 228 2632 lis,
258 2555 368 2636 galeae
396 2555 487 2635 regis
512 2555 669 2620 Franciae
691 2564 855 2638 ceperunt
882 2558 1034 2640 quinque
1052 2578 1123 2622 ma·

167 2656 264 2739 jores
292 2672 399 2718 naves
427 2655 517 2735 regis
542 2653 692 2735 Angliae,
719 2661 851 2718 stantes
886 2657 922 2720 in
949 2665 1053 2738 portu
1081 2657 1123 2720 de

171 2755 305 2830 Scluse,
326 2753 396 2818 sere
424 2760 540 2816 tamen
565 2773 706 2831 vacuas,
732 2754 813 2817 dum
844 2764 961 2819 nautae
984 2755 1125 2822 fuerunt

171 2855 208 2917 in
232 2853 328 2930 villa,
351 2859 386 2916 et
419 2852 548 2916 cased
576 2860 693 2934 partes
719 2852 943 2918 Normanniee
971 2856 1123 2936 perdux-

171 2958 285 3017 erunt.
316 3033 317 3036 Ἴ
337 2951 383 3015 Et
405 2951 460 3015 die
476 2951 585 3015 Lunae
602 2959 681 3034 post
697 2951 823 3016 festum
841 2954 953 3017 sancti
967 2954 1123 3018 Michae-
1136 2981 1217 3020 erenei

1135 3031 1213 3080 pirate·
1221 3030 1284 3079 plun-

171 3053 216 3116 lis
242 3057 412 3116 venerunt
441 3051 558 3114 subito
584 3052 835 3133 quinquaginta
865 3052 987 3133 galeae,
1014 3053 1123 3134 plenae
1135 3081 1173 3119 «ιο
1182 3080 1258 3120 soun-

1136 3134 1229 3180 ampton.

173 3151 369 3215 hominibus
387 3151 542 3227 armatis,
559 3151 660 3232 quasi
682 3149 767 3214 hora
785 3170 886 3228 nona,
909 3151 1001 3232 apud
1020 3151 1124 3215 Suth·

173 3258 328 3332 ampton,
357 3257 393 3314 et
423 3249 483 3312 illo
517 3249 573 3312 die
604 3249 723 3314 villam
757 3249 1052 3330 depraedaverunt,
1089 3259 1125 3315 et

172 3349 337 3433 quicquid
359 3354 521 3430 poterant
546 3349 590 3412 ad
607 3349 726 3430 galeas
744 3367 825 3412 suas
853 3356 888 3413 et
908 3369 1015 3413 naves
1043 3368 1124 3414 suas

174 3456 378 3531 portarunt;
396 3453 431 3510 et
455 3454 642 3529 pertatem
666 3448 760 3511 illam
787 3455 923 3512 noctem
942 3449 978 3511 in
1005 3449 1123 3512 eadem

175 3548 259 3612 villa
283 3553 496 3624 manserunt,
519 3546 648 3628 sugatis
683 3555 718 3610 et
745 3546 935 3612 interfectis
967 3549 1125 3612 omnibus

174 3647 235 3730 qui
259 3647 296 3709 in
314 3646 399 3710 villa
414 3645 574 3720 fuerunt3
600 3653 635 3710 et
656 3646 692 3710 in
716 3647 881 3724 crastino,
896 3648 1125 3729 percipientes

173 3746 267 3828 quod
290 3765 327 3809 se
350 3746 464 3827 patria
488 3745 726 3826 congregavit,
746 3753 937 3828 posuerunt
953 3747 1070 3828 ignem
1090 3747 1126 3809 in

214 4009 221 4040 ¹
234 4012 285 4060 ‘Et
300 4013 385 4060 statim
402 4011 490 4060 eodem
507 4012 549 4060 die
564 4013 642 4060 intro·
665 4014 708 4060 the
723 4011 820 4061 author.
858 4011 886 4058 li
897 4011 918 4058 it
932 4027 998 4060 were
1014 4019 1039 4060 to
1054 4011 1127 4061 mean

179 4084 279 4132 nizatus
292 4082 362 4142 apud
382 4085 495 4130 sanctum
513 4081 642 4132 Paulum!
667 4081 709 4130 the
731 4080 844 4130 author's
867 4094 926 4141 age,
945 4081 966 4128 it
987 4082 1073 4132 would
1095 4084 1127 4131 be

115 4177 122 4196 ι
180 4152 264 4201 Aaou.
277 4150 348 4200 Hist.
360 4151 410 4199 Ed.
423 4151 471 4212 11,
482 4166 508 4211 p.
520 4153 577 4199 418,
668 4151 743 4212 prool
759 4151 814 4199 that
831 4152 852 4198 it
870 4149 945 4198 could
965 4156 1008 4200 not
1026 4153 1057 4200 be
1075 4151 1130 4201 that

220 4269 222 4272 ,
669 4220 752 4268 Adam
771 4219 800 4268 of
813 4220 963 4282 Murimuth‚
982 4235 1011 4269 as
1029 4237 1087 4284 may
1099 4224 1130 4271 be

214 4288 224 4318 ²
240 4291 349 4352 Thetis,
361 4289 556 4352 nithe-copyist,
568 4295 610 4338 not
621 4289 650 4336 ol
671 4290 791 4352 gathered
802 4291 865 4340 from
882 4288 922 4338 his
933 4291 1042 4350 preface.
