3164 5054
441 509 507 572 622.
789 525 822 569 A.
839 519 1054 573 murmuro.

282 703 389 743 socos
444 673 520 749 tent
542 701 617 748 com
642 684 667 748 il
691 683 785 767 poeit
802 701 824 746 a
841 689 934 747 ceste
948 681 1053 747 chose
1069 679 1167 748 faire.
1222 682 1268 746 Et
1286 681 1336 745 dit
1353 703 1396 764 qe

281 753 430 843 {ffiffihhh'ssssc
444 803 573 848 mosmo
602 783 680 868 cely
705 783 741 847 S'
758 782 855 847 will.
879 783 954 847 rint
982 799 1003 845 a
1030 781 1067 863 ly
1088 781 1132 845 de
1152 799 1217 863 par
1240 781 1340 863 Hug‘
1363 782 1396 845 le

409 923 410 926 =
437 883 652 965 Desponser,
669 902 713 965 qe
728 883 764 966 ly
779 882 831 946 dit
843 881 901 965 q'il
915 881 1040 945 serroit
1058 879 1238 944 bienseent
1260 881 1321 963 q'il
1344 881 1397 945 fot

445 1001 573 1067 ovesqe
595 983 654 1068 ly3
678 981 743 1047 kar
764 983 788 1045 il
815 982 878 1057 dit,
889 1001 939 1063 qe
953 981 978 1043 il
993 981 1100 1044 seroit
1115 999 1198 1044 sour
1213 979 1254 1043 de
1278 981 1313 1044 la
1336 980 1395 1044 de·

445 1083 619 1147 liverance
632 1103 675 1146 en
696 1080 775 1146 bref
792 1089 915 1163 temps.
968 1078 1015 1143 Et
1029 1079 1093 1157 dit,
1110 1098 1154 1163 qe
1169 1079 1224 1143 Sir
1239 1078 1338 1143 Will.
1354 1080 1396 1144 de

446 1181 611 1259 Derham,
628 1179 723 1246 clerk
739 1182 781 1245 de
797 1199 853 1244 ses
879 1179 1000 1244 lettres
1022 1187 1058 1243 et
1074 1178 1163 1243 frere
1181 1178 1335 1242 Thomas
1353 1179 1395 1242 de

447 1280 637 1346 Brounfeld
663 1279 778 1344 surent
801 1298 890 1342 ceux
917 1297 961 1361 qe
987 1279 1066 1360 plus
1091 1279 1127 1361 ly
1141 1278 1336 1343 abetterent
1360 1286 1395 1342 et

446 1381 635 1445 entioerent
654 1399 676 1442 a
697 1386 790 1444 ceste
810 1377 931 1442 choses
954 1377 1102 1440 susdites
1127 1377 1221 1442 faire.
1273 1377 1320 1440 Et
1345 1378 1396 1442 dit

446 1499 489 1561 qe
513 1479 569 1542 Sir
589 1479 721 1543 Robert
748 1478 790 1541 de
809 1475 973 1541 Tounton
996 1477 1038 1539 de
1059 1482 1139 1558 pert
1159 1475 1191 1540 le
1214 1495 1395 1560 ercevesqe

446 1578 489 1642 de
519 1577 674 1643 Evirwih
704 1595 747 1642 eu
778 1595 934 1657 message
959 1575 1001 1639 de
1031 1594 1088 1639 ces
1117 1574 1238 1640 choses
1271 1585 1395 1640 avant·

447 1678 529 1755 dite,
552 1684 588 1741 et
608 1678 633 1740 ti
655 1677 707 1740 dit
732 1673 792 1760 q’il
817 1676 913 1740 avoit
937 1682 1032 1757 prest
1049 1692 1083 1738 ν.
1100 1675 1211 1738 milles
1232 1673 1268 1740 li.
1288 1695 1310 1738 a
1324 1675 1396 1740 cele

447 1779 610 1858 besoigne
642 1774 774 1840 susdite
798 1795 886 1857 pour
914 1773 1010 1852 seire,
1036 1782 1072 1838 et
1098 1792 1159 1838 ceo
1187 1774 1229 1837 de
1250 1772 1397 1856 l'argent

447 1875 503 1940 Sir
520 1877 607 1957 Hug
623 1874 666 1939 de
681 1876 829 1952 D--‚
844 1881 880 1938 et
898 1874 950 1937 dit
967 1893 1011 1957 qe
1029 1893 1140 1936 meme
1156 1873 1233 1958 cely
1250 1873 1306 1938 Sir
1322 1874 1395 1939 Ro·

446 1977 533 2053 bert,
550 1983 585 2040 et
599 1975 683 2039 deus
699 1975 806 2038 freres
821 1972 1007 2057 preohours
1016 1991 1060 2055 qe
1074 1980 1155 2037 sunt
1170 1973 1251 2037 hors
1262 1973 1304 2037 de
1318 1974 1395 2038 lour

447 2076 558 2152 ordre,
575 2074 618 2139 de
633 2093 725 2157 qoex
747 2071 818 2136 l'un
840 2092 878 2137 se
899 2072 964 2136 seit
985 2070 1116 2153 apeller
1132 2072 1312 2136 Edmunde
1331 2073 1395 2137 Sa·

440 2178 547 2256 rege,
578 2180 613 2238 et
642 2172 765 2236 l’autre
790 2171 814 2236 J
817 2171 918 2247 ohan,
944 2171 1057 2236 forent
1084 2172 1117 2236 le
1149 2170 1320 2236 brokours
1351 2173 1395 2236 de

447 2280 540 2336 ceste
567 2272 745 2353 bosoigne.
802 2271 849 2335 Et
876 2271 939 2343 dit,
961 2290 1005 2353 qe
1028 2270 1085 2334 Sir
1107 2269 1229 2336 Fouke
1257 2272 1290 2334 le
1317 2272 1397 2337 Fitz

446 2371 582 2454 Waryn
596 2373 671 2434 rint
686 2390 709 2434 a
726 2369 798 2452 lya
813 2371 1080 2447 Westmonstre,
1098 2377 1134 2434 et
1155 2371 1192 2453 ly
1206 2371 1292 2454 pria,
1309 2380 1344 2437 et
1359 2373 1396 2455 ty

447 2471 560 2535 entica
576 2471 620 2533 de
640 2477 733 2534 ceste
751 2468 854 2534 chose
876 2488 1066 2546 comeocer,
1084 2476 1119 2533 et
1141 2468 1177 2551 ly
1193 2469 1358 2535 ¹enheudi
1375 2490 1397 2535 a

447 2577 540 2633 ceste
568 2569 688 2634 choses
717 2568 812 2634 seire.
864 2569 911 2634 Et
932 2569 969 2650 ly
991 2568 1043 2632 dit
1063 2588 1106 2651 qe
1129 2587 1190 2632 seo
1217 2570 1341 2634 serroit
1364 2571 1396 2634 le

446 2669 525 2751 plus
555 2676 659 2750 grant
690 2668 826 2732 honour
856 2687 899 2751 qe
937 2686 1046 2751 unqes
1076 2667 1113 2751 ly
1140 2676 1259 2750 ovynt‚
1290 2676 1326 2733 et
1360 2669 1397 2753 ly

446 2769 506 2843 dit,
542 2768 602 2851 q'il
628 2767 773 2832 sideroit
798 2785 844 2832 ou
870 2785 982 2848 corpS,
1015 2785 1100 2849 quer
1132 2776 1168 2831 et
1200 2775 1309 2850 quent
1336 2769 1395 2851 q'il

447 2867 553 2933 avoit.
614 2867 661 2930 Et
696 2866 758 2944 dit,
790 2885 834 2948 qe
870 2866 983 2931 Mons.
1019 2864 1180 2947 Ingeram
1220 2867 1398 2950 Berenger

448 2973 533 3049 vynt
562 2985 585 3030 a
612 2966 649 3050 ly
670 2965 712 3029 de
740 2972 820 3048 port
848 2964 884 3029 S.
913 2964 1031 3029 Johan
1058 2965 1182 3042 Peche,
1211 2985 1254 3048 qe
1273 2965 1327 3030 fot
1354 2968 1397 3032 de

447 3067 518 3128 cele
543 3067 700 3142 couvine,
725 3072 760 3129 et
782 3083 805 3128 a
824 3083 888 3128 ceo
908 3065 1064 3128 mettroit
1089 3083 1179 3141 cors,
1202 3071 1237 3128 et
1259 3083 1334 3147 qor‚
1361 3075 1397 3132 et

447 3172 555 3248 quant
568 3161 628 3247 q'il
640 3164 748 3229 avoit.
801 3163 848 3227 Et
862 3163 926 3240 dit,
941 3181 984 3246 qe
996 3163 1052 3226 Sir
1068 3163 1189 3247 Hem-y
1203 3165 1397 3231 Bemounte

447 3273 482 3327 et
500 3264 556 3328 Sir
570 3263 723 3327 Thomas
741 3262 916 3345 Roscelyn
934 3264 1110 3345 parler-ont
1131 3282 1153 3327 a
1168 3265 1205 3346 ly
1221 3283 1263 3327 en
1283 3264 1395 3343 Paris,
1432 3323 1444 3336 ,
1558 3263 1559 3271 ’

447 3383 490 3426 en
505 3363 541 3426 lo
561 3362 748 3426 chaumbre
762 3363 796 3425 le
810 3361 893 3426 Dok
910 3362 1063 3440 Brahan,
1080 3361 1139 3444 q'il
1165 3362 1280 3427 fosent
1302 3373 1396 3446 prest

448 3461 605 3525 devenir
624 3479 668 3524 en
684 3460 886 3541 Engleterre
906 3480 948 3524 en
964 3461 1061 3525 aeide
1076 3461 1118 3526 de
1141 3471 1252 3526 costes
1277 3471 1396 3528 evant-

448 3559 549 3633 dites‚
567 3566 604 3623 et
620 3555 697 3642 q’ils
721 3559 759 3642 ly
770 3560 958 3625 emicemnt
974 3561 1017 3624 de
1033 3568 1144 3624 cestes
1159 3560 1280 3625 choses
1296 3562 1393 3628 faire.

450 3659 497 3722 Et
520 3656 579 3740 q'il
604 3658 811 3723 ariveroieot
836 3659 958 3724 devers
982 3659 1033 3722 les
1056 3659 1186 3742 parties
1208 3660 1251 3725 do
1272 3661 1396 3740 Ecoce,

449 3777 514 3840 por
527 3758 608 3822 abet
621 3758 663 3822 de
680 3757 820 3823 Donold
842 3759 875 3822 le
893 3759 1005 3836 Mear,
1021 3758 1081 3842 q’il
1098 3759 1221 3823 serroit
1236 3779 1277 3824 en
1299 3763 1396 3826 aeide

448 3857 491 3922 de
517 3876 598 3934 eux,
627 3877 649 3920 a
672 3857 764 3923 celes
784 3858 906 3923 choses
930 3859 1125 3935 mointenir,
1148 3866 1184 3922 et
1208 3869 1317 3941 quent
1338 3857 1396 3944 q'il

448 3957 552 4038 poeit.
597 3955 678 4021 Mes
696 3958 746 4021 les
769 3965 880 4040 temps
904 3957 947 4020 do
972 3956 1050 4021 lour
1066 3975 1177 4021 renue
1202 3966 1257 4022 est
1283 3977 1395 4041 posse.

448 4057 494 4121 Et
509 4057 571 4134 dit,
588 4076 632 4139 qe
648 4057 704 4120 Sir
723 4055 876 4121 Richord
893 4056 936 4120 de
951 4055 1179 4135 Pount·frett,
1194 4057 1396 4123 confessour

481 4227 489 4259 ¹
501 4232 510 4259 ⁴
520 4225 630 4279 Boudir'
641 4232 664 4279 is
675 4230 759 4278 enotd
769 4234 832 4278 term
843 4231 907 4280 used
931 4231 970 4280 les
987 4206 1094 4280 ohseaux
1103 4229 1119 4293 ;'
1142 4226 1285 4294 ‘coheredis
1307 4233 1332 4282 ir
1352 4233 1395 4284 the

445 4300 471 4346 in
483 4299 525 4348 the
538 4299 624 4361 chose,
637 4299 687 4356 and
699 4311 786 4350 roem
796 4301 805 4328 ‘
812 4301 909 4350 exciter
932 4305 1060 4363 textmoy
1072 4301 1167 4363 signisy
1178 4299 1312 4352 ‘excitem'
