3134 5046
454 543 520 606 134
804 559 839 608 a.
860 558 1077 609 numanus.

293 713 618 822 reposcentium
651 713 832 793 Devoniae,
864 726 900 781 et
927 718 1090 781 baronem
1118 717 1161 782 de
1187 713 1349 792 Stafford,
1379 723 1415 781 et

293 781 377 823 lnBtol'

293 783 385 882 ιιιιιι.ι
456 815 632 898 dominnm
647 815 862 883 Willelmum
885 817 927 880 de
945 815 1124 932 Kellesby‚
1147 835 1225 881 curn
1248 818 1415 929 quingen·

459 915 503 980 tis
518 916 660 979 armatis
677 924 713 980 et
728 916 822 980 mille
847 917 1050 998 sagittariis,
1065 917 1102 980 in
1125 917 1354 992 Britanniam,
1379 915 1415 978 in

459 1014 669 1099 adjutorium
676 1016 861 1080 comitissae
875 1016 1061 1098 praedictae3
1077 1035 1138 1099 qur
1128 1017 1287 1080 fuerunt
1300 1017 1415 1098 parati

460 1115 553 1197 apud
576 1115 800 1181 Portesmuth
828 1134 906 1179 cum
928 1116 1040 1180 classe
1061 1116 1192 1180 boreali
1216 1122 1251 1180 et
1271 1114 1416 1179 australi

460 1216 497 1279 in
531 1215 651 1296 vigilia
683 1215 795 1280 sancti
827 1215 1017 1292 Laurentii,
1042 1225 1185 1281 ventum
1214 1234 1414 1299 prosperum

461 1321 698 1397 expectantes,
714 1321 750 1379 et
772 1315 809 1377 in
822 1316 942 1397 vigilia
963 1313 1223 1398 Assumptionis
1240 1315 1415 1398 sequentis

462 1415 627 1495 navigare
651 1422 841 1496 coeperunt.
894 1414 975 1493 Quo
993 1415 1047 1479 die
1062 1413 1323 1498 Assumptionis
1348 1434 1412 1478 rex

461 1512 602 1595 Angliae
624 1514 662 1578 in
679 1515 764 1579 turri
783 1514 1039 1579 Londoniarum
1063 1513 1145 1579 fecit
1164 1513 1305 1598 nuptias
1326 1514 1415 1578 cele·

461 1614 555 1676 brari
571 1614 662 1678 inter
684 1612 891 1691 Lionellum,
904 1614 1012 1678 filium
1028 1611 1198 1693 ¹tertinm,
1222 1620 1257 1678 et
1282 1613 1414 1677 Isabel·

462 1713 544 1790 lam,
561 1713 668 1777 filiam
690 1721 726 1777 et
748 1713 918 1778 haeredem
939 1713 1074 1778 comitis
1103 1713 1255 1778 Ultoniae
1282 1713 1325 1777 de
1348 1712 1416 1777 Hi-

461 1813 593 1890 bernia,
611 1813 780 1876 decimum
797 1814 912 1877 aetatis
927 1831 1000 1878 suae
1016 1833 1144 1877 annum
1164 1822 1348 1895 agentem:
1372 1813 1417 1876 ad

463 1930 551 1996 quas
567 1913 707 1994 nuptias
723 1921 893 1978 venerunt
917 1920 987 1978 tres
1012 1913 1138 1977 fratres
1162 1913 1417 1996 praedicatores,

463 2013 559 2076 missi
587 2031 648 2094 per
677 2013 767 2076 dnos
794 2012 999 2089 cardinales,
1026 2013 1161 2077 scilicet
1184 2032 1246 2094 per
1272 2011 1416 2077 Petrum

463 2112 662 2194 episcopum
700 2111 954 2190 Penestrinum,
983 2118 1020 2176 et
1060 2110 1281 2189 Ambaldum,
1309 2131 1418 2194 propo

463 2211 650 2275 marchiam
681 2211 855 2276 Flandriae
878 2217 1141 2289 commorantes,
1168 2211 1213 2274 ad
1243 2211 1418 2276 habendas

464 2310 584 2374 literas
606 2311 721 2392 regias
744 2331 807 2393 pro
829 2330 867 2375 se
892 2318 928 2375 et
949 2311 1106 2376 ducentis
1132 2311 1350 2393 equitaturis,
1373 2311 1416 2375 ad

464 2409 710 2474 transeundum
744 2430 851 2488 mare,
879 2418 915 2476 et
942 2409 1082 2492 Angliae
1104 2430 1247 2493 regnum
1273 2411 1417 2488 intrare,

465 2516 501 2572 et
523 2509 566 2572 ad
589 2510 808 2574 tractandum
831 2530 908 2574 cum
936 2529 1018 2591 rege
1039 2509 1082 2574 de
1104 2529 1190 2592 pace
1209 2510 1266 2574 vel
1283 2519 1418 2592 treuga.

466 2609 513 2672 Et
538 2610 657 2673 statim
693 2629 756 2672 rex
784 2611 879 2673 misit
905 2630 967 2693 pro
995 2610 1267 2693 archiepiscopo,
1291 2609 1336 2674 ad
1359 2611 1418 2673 de·

464 2706 678 2772 liberandum
703 2728 780 2772 cum
803 2729 844 2773 eo
865 2709 908 2772 de
929 2709 1140 2787 diversis,et
1162 2718 1275 2774 utrum
1301 2718 1420 2773 essent

465 2806 662 2891 hujusmodi
689 2808 800 2872 literae
828 2809 1066 2874 eoncedendae.
1132 2809 1179 2873 Et
1208 2808 1329 2873 habita
1357 2809 1416 2872 de·

464 2906 668 2972 liberatione
715 2908 867 2972 duorum.
908 2909 1052 2984 dierum,
1093 2908 1281 2991 respondit,
1325 2909 1418 2990 quod

464 3006 539 3089 ipse
577 3026 641 3072 rex
670 3007 781 3072 voluit
811 3027 952 3091 parcere
986 3009 1140 3090 ipsorum
1174 3008 1350 3072 laboribus
1382 3015 1418 3071 et

464 3108 638 3188 expensis,
654 3126 695 3172 ac
719 3107 810 3170 infra
832 3126 964 3190 paucos
981 3107 1054 3171 dies
1077 3108 1114 3170 in
1128 3128 1237 3189 regno
1256 3107 1416 3171 Franciae

464 3204 588 3271 babere
612 3207 821 3288 colloquium
847 3226 926 3270 cum
950 3207 1103 3286 eisdem3
1125 3208 1315 3289 praesertim
1339 3226 1416 3270 cum

463 3305 522 3368 diu
545 3313 627 3370 ante
650 3307 834 3370 adventum
869 3307 1037 3370 dictorum
1060 3305 1206 3370 fratrum
1238 3306 1282 3369 ad
1305 3313 1417 3370 trans·

463 3404 653 3467 cundum
643 3425 679 3467 in
702 3405 885 3469 Franciam
914 3424 952 3468 se
982 3414 1152 3488 parasset,
1175 3425 1275 3488 quem
1305 3413 1418 3469 trans·

463 3504 550 3566 itum
585 3523 653 3566 non
690 3505 803 3586 potuit
835 3504 1077 3614 praedictorum
1106 3505 1330 3570 cardinalium
1357 3525 1419 3568 ex·

465 3603 660 3684 pectatione
677 3602 821 3667 differre.

516 3700 602 3766 Post
639 3703 830 3783 praemissa,
856 3701 950 3767 circa
979 3709 1122 3768 octavas
1146 3701 1418 3786 Assumptionis,

464 3808 632 3864 venerunt
660 3809 776 3866 nautae
807 3811 843 3866 et
868 3802 991 3879 literae,
1026 3804 1142 3867 missae
1174 3802 1313 3866 domino
1346 3804 1419 3883 regi

462 3920 524 3983 per
541 3901 699 3964 comitem
720 3901 1024 3984 Northamptoniae
1055 3912 1090 3965 et
1116 3901 1270 3983 collegas
1297 3901 1418 3984 ipsius,

462 4001 639 4083 inquibus
662 4000 915 4078 continebatur,
931 4001 1022 4084 quod
1043 4007 1119 4065 tota
1144 4000 1264 4064 classis
1288 4020 1419 4078 eorum,

462 4119 540 4182 quae
568 4101 768 4164 continebat
784 4101 956 4164 ducentas
981 4101 1167 4182 sexaginta
1193 4120 1300 4165 naves
1328 4119 1419 4183 prae-

814 4304 823 4337 ¹
841 4299 973 4370 ‘tenuem,'
985 4308 1045 4357 MS.
