3146 5038
457 506 522 570 164
804 525 840 572 n.
857 523 1072 571 uunrnuru.

293 693 434 784 ruuqnge
458 682 660 754 intantum
699 680 837 745 fuerunt
871 681 1000 745 annexi
1037 678 1259 761 magnatibus
1295 683 1409 751 terrae,

293 755 339 783 Μ
367 755 373 783 ¹
401 772 407 783 ’
460 780 631 856 videlicet,
645 785 715 843 tam
739 779 823 844 viris
845 779 1100 856 ecclesiasticis,
1117 797 1221 862 quam
1249 777 1326 840 aliis
1348 775 1411 838 do·

459 879 561 944 minis
587 878 824 956 saecularibus,
852 899 914 962 per
937 879 1127 961 pensiones,
1154 876 1352 950 mutatoria,
1377 880 1416 948 at¹

461 998 523 1062 per
547 977 616 1041 alia
632 979 776 1042 donaria
791 980 1017 1060 permaxima,
1034 978 1126 1060 quod
1146 976 1286 1061 justitia
1308 992 1412 1056 penes

461 1063 650 1142 mediocres
679 1083 715 1141 et
752 1096 950 1142 communes
985 1086 1086 1142 terrae
1113 1095 1187 1146 non¹
1210 1073 1325 1157 potuit
1353 1072 1413 1136 ha-

461 1179 542 1242 bero
557 1195 769 1259 processum,
787 1176 953 1259 praecepit
966 1175 1095 1240 eisdem
1113 1173 1326 1259 justitiariis,
1349 1172 1412 1246 sub

461 1275 693 1353 forisfactura,
715 1285 795 1352 etc„
825 1275 919 1357 quod
945 1275 1013 1358 ipsi
1039 1275 1198 1339 omnibus
1215 1271 1414 1358 ¹hujusmodi

462 1371 751 1457 possessionibus,
761 1380 839 1450 eto,
849 1375 1103 1451 renunciarent,
1116 1380 1151 1438 et
1162 1372 1242 1436 inde
1257 1391 1300 1435 ne
1317 1371 1414 1453 quic·

464 1492 569 1556 qnam
587 1480 744 1556 peterent
762 1481 824 1536 aut
841 1480 1076 1555 acceptarent,
1102 1473 1161 1536 sed
1186 1471 1277 1554 quod
1305 1471 1363 1534 lex
1381 1477 1416 1534 et

458 1571 598 1657 justitia
615 1574 652 1636 in
671 1573 828 1636 omnibus
846 1572 965 1647 sortiri,
984 1578 1126 1654 possent
1142 1571 1310 1642 effectum.

514 1671 644 1735 Eodem
669 1691 761 1736 anno
790 1671 882 1735 circa
911 1669 1234 1754 Quadragesimam,
1252 1689 1314 1734 rex
1338 1689 1415 1751 per·

463 1771 555 1853 cepit
586 1770 623 1833 in
651 1789 755 1834 manu
786 1790 850 1834 sua
878 1790 995 1845 omnes
1021 1777 1211 1854 proventus
1225 1777 1261 1834 et
1285 1769 1417 1836 emolu.

463 1876 579 1934 menta
599 1889 678 1952 quae
700 1868 895 1934 cardinales
913 1870 1110 1936 habuerunt
1132 1869 1168 1934 in
1186 1867 1327 1950 Angiia,
1353 1887 1417 1936 noe

462 1969 537 2033 lens
554 1987 613 2034 eos
634 1975 734 2034 tanto
756 1969 907 2051 gaudere
928 1969 1107 2046 beneficio,
1122 1988 1164 2033 eo
1181 1968 1273 2051 quod
1293 1967 1416 2051 majori

462 2075 562 2151 parte
578 2068 696 2133 fovent
714 2087 826 2152 papae,
843 2075 879 2138 et
901 2068 1065 2152 Philippo
1081 2069 1124 2132 de
1144 2067 1279 2149 Valoys
1296 2066 1356 2149 qui
1379 2085 1416 2130 se

464 2167 548 2231 dicit
565 2188 682 2250 regern
702 2167 871 2232 Franciae.

301 2281 445 2322 menum.
516 2266 646 2331 Eodem
679 2287 770 2332 anno
795 2269 887 2333 circa
917 2268 1042 2332 festum
1072 2267 1280 2332 Nativitatis
1305 2265 1417 2330 sancti

301 2331 403 2430 :qap
466 2365 636 2430 Johannis
669 2368 853 2451 Baptistae,
886 2387 949 2432 rex
983 2387 1061 2431 cum
1091 2367 1183 2431 mille
1219 2365 1417 2449 quingentis

302 2432 431 2531 fflic-
467 2465 616 2530 navibus
640 2475 675 2531 et
693 2467 854 2549 amplius,
872 2475 943 2531 tam
966 2467 1008 2531 de
1028 2466 1235 2543 hominibus,
1253 2466 1416 2548 quamde

466 2566 601 2629 oaeteris
638 2567 861 2630 armamentis
900 2565 943 2630 ad
983 2565 1180 2651 hujusmodi
1219 2565 1415 2649 passagium

467 2664 670 2728 necessariis
694 2667 855 2748 provisis,
878 2665 1012 2730 decimo
1034 2666 1090 2730 die
1111 2665 1240 2729 mensis
1257 2664 1281 2728 J
1284 2665 1345 2729 ulii
1373 2665 1416 2728 ab

467 2762 591 2827 Insula
619 2764 733 2829 Vecta
761 2765 868 2848 coepit
901 2766 1067 2846 navigare
1091 2784 1210 2829 versus
1243 2764 1417 2832 Normane

467 2863 572 2940 niam,
590 2871 625 2927 et
641 2863 678 2927 in
699 2864 813 2927 triduo
830 2864 954 2928 ibidem
972 2872 1099 2928 terram
1124 2865 1216 2947 cepit
1238 2883 1317 2927 cum
1333 2866 1417 2942 suiS,

283 2973 448 3063 'ffpffiber
468 2972 658 3045 prosperet
672 2963 872 3041 incolumis;
893 2971 927 3028 et
937 2970 1012 3028 erat
1023 2983 1157 3028 summa
1169 2963 1343 3028 exercitus
1354 2965 1421 3040 sui,

420 3034 442 3074 y'
468 3069 537 3126 tam
572 3062 725 3144 gentium
760 3069 983 3139 armatorum,
1016 3082 1120 3146 qnam
1151 3062 1345 3126 archiorum
1383 3071 1418 3131 et

467 3161 613 3226 aliorum
636 3160 679 3224 ad
701 3160 793 3225 belia
806 3161 1064 3244 dispositorum,
1080 3162 1332 3244 quinquaginta
1345 3163 1419 3250 mii·

303 3271 455 3372 35aneq
466 3259 514 3324 lia
531 3267 566 3325 et
583 3260 742 3342 amplius.
795 3261 873 3324 Rex
905 3280 987 3325 vero
1009 3281 1085 3326 cum
1113 3262 1268 3325 exercitu
1298 3280 1363 3325 suo
1383 3282 1420 3326 se

304 3370 398 3421 Purus·
466 3359 576 3424 movit
592 3360 634 3422 de
650 3359 751 3423 disin
767 3359 857 3424 diem
868 3379 929 3443 per
944 3359 1207 3437 Normanniam,
1224 3360 1418 3440 Franciam‚

466 3466 503 3522 et
531 3457 726 3522 Picardiam
757 3479 819 3541 per
845 3459 1029 3523 continuas
1055 3460 1180 3537 dietaS,
1207 3461 1421 3524 continentes

303 3568 450 3659 ffshfflffp
466 3558 617 3638 spatium
634 3565 766 3639 septem
782 3558 1065 3641 septimanarum,
1082 3578 1217 3641 semper
1236 3559 1302 3622 sibi
1319 3561 1420 3623 resis-

449 3645 587 3728 ’tentes
603 3656 768 3738 capiendo
799 3657 855 3720 vei
875 3645 1078 3736 occidendo,
1095 3658 1197 3722 villas
1220 3665 1255 3722 et
1281 3658 1419 3723 villulas

466 3754 714 3836 perscrutando
747 3762 782 3820 ct
811 3755 1041 3838 depraedando
1073 3759 1147 3821 sive
1179 3758 1420 3835 comburendo,

467 3872 586 3917 aurum
608 3861 644 3918 et
667 3863 862 3936 argentum,
880 3875 942 3920 seu
965 3857 1126 3938 quicquid
1153 3857 1340 3939 pretiosum
1366 3859 1417 3922 fu·

466 3953 543 4030 erit,
566 3953 730 4035 rapiendo
750 3962 793 4038 ,et
815 3956 1038 4037 asportando,
1060 3955 1163 4020 alicui
1186 3975 1343 4038 personae
1360 3959 1420 4022 vix

466 4053 636 4133 parcendo
666 4052 721 4116 vel
751 4054 1007 4136 compatiendo,
1031 4055 1163 4119 nobiles
1189 4055 1305 4132 etiam,
1327 4056 1418 4120 scili·
1545 4035 1546 4095 i

464 4158 520 4214 cet
537 4152 696 4216 comitem
723 4151 765 4216 de
789 4152 885 4229 Ewe,
902 4154 1127 4217 camerarium
1145 4153 1188 4217 de
1210 4153 1416 4231 Tankirvili,

464 4267 542 4312 cum
574 4251 742 4332 pluribus,
761 4259 833 4328 tam
856 4253 1023 4348 militibus
1040 4273 1142 4336 quam
1167 4253 1246 4318 aliis
1263 4255 1417 4336 personis
