<?xml version="1.0" encoding="UTF-8"?>
<!DOCTYPE html PUBLIC "-//W3C//DTD XHTML 1.0 Transitional//EN"
    "http://www.w3.org/TR/xhtml1/DTD/xhtml1-transitional.dtd">
<html xmlns="http://www.w3.org/1999/xhtml" xml:lang="en" lang="en">
 <head>
  <title>
</title>
<meta http-equiv="Content-Type" content="text/html;charset=utf-8" />
  <meta name='ocr-system' content='tesseract 3.04.00' />
  <meta name='ocr-capabilities' content='ocr_page ocr_carea ocr_par ocr_line ocrx_word'/>
</head>
<body>
  <div class='ocr_page' id='page_1' title='image "adamimurimuthen00hoggoog_0201.png"; bbox 0 0 3146 5038; ppageno 0'>
   <div class='ocr_carea' id='block_1_1' title="bbox 497 497 1098 561">
    <p class='ocr_par' dir='ltr' id='par_1_1' title="bbox 497 497 1098 561">
     <span class='ocr_line' id='line_1_1' title="bbox 497 497 1098 561; baseline 0 -1"><span class='ocrx_word' id='word_1_1' title='bbox 497 511 755 561; x_wconf 80' lang='lat' dir='ltr'><strong>conrmonrro.</strong></span> <span class='ocrx_word' id='word_1_2' title='bbox 1033 497 1098 560; x_wconf 82' lang='grc'><strong>175</strong></span> 
     </span>
    </p>
   </div>
   <div class='ocr_carea' id='block_1_2' title="bbox 144 667 1097 833">
    <p class='ocr_par' dir='ltr' id='par_1_2' title="bbox 144 667 1097 833">
     <span class='ocr_line' id='line_1_2' title="bbox 144 667 1097 750; baseline 0.002 -18"><span class='ocrx_word' id='word_1_3' title='bbox 144 669 265 750; x_wconf 89' lang='lat' dir='ltr'><strong>pnlata</strong></span> <span class='ocrx_word' id='word_1_4' title='bbox 288 668 366 732; x_wconf 92' lang='lat' dir='ltr'><strong>duci</strong></span> <span class='ocrx_word' id='word_1_5' title='bbox 393 668 597 747; x_wconf 84' lang='lat' dir='ltr'><strong>Britanniae,</strong></span> <span class='ocrx_word' id='word_1_6' title='bbox 620 670 680 734; x_wconf 89' lang='lat' dir='ltr'><strong>sed</strong></span> <span class='ocrx_word' id='word_1_7' title='bbox 700 667 898 736; x_wconf 87' lang='lat' dir='ltr'><strong>¹immature</strong></span> <span class='ocrx_word' id='word_1_8' title='bbox 921 669 1097 734; x_wconf 87' lang='lat' dir='ltr'><strong>demedio</strong></span> 
     </span>
     <span class='ocr_line' id='line_1_3' title="bbox 146 768 1086 833; baseline -0.01 0"><span class='ocrx_word' id='word_1_9' title='bbox 146 777 198 833; x_wconf 86' lang='lat' dir='ltr'><strong>est</strong></span> <span class='ocrx_word' id='word_1_10' title='bbox 216 768 365 832; x_wconf 89' lang='lat' dir='ltr'><strong>sublata.</strong></span> <span class='ocrx_word' id='word_1_11' title='bbox 738 771 740 774; x_wconf 82' lang='grc'><strong>’</strong></span> <span class='ocrx_word' id='word_1_12' title='bbox 1084 783 1086 788; x_wconf 95' lang='grc'><strong><em>·</em></strong></span> 
     </span>
    </p>
   </div>
   <div class='ocr_carea' id='block_1_3' title="bbox 146 959 1213 2531">
    <p class='ocr_par' dir='ltr' id='par_1_3' title="bbox 146 959 1213 2416">
     <span class='ocr_line' id='line_1_4' title="bbox 197 959 1191 1048; baseline 0 -24"><span class='ocrx_word' id='word_1_13' title='bbox 197 959 307 1025; x_wconf 78' lang='lat' dir='ltr'><strong>Anno</strong></span> <span class='ocrx_word' id='word_1_14' title='bbox 324 961 467 1025; x_wconf 79' lang='lat' dir='ltr'><strong>Donum</strong></span> <span class='ocrx_word' id='word_1_15' title='bbox 488 973 764 1042; x_wconf 76' lang='lat' dir='ltr'><strong>M.coc.x1.V.,et</strong></span> <span class='ocrx_word' id='word_1_16' title='bbox 789 965 881 1047; x_wconf 86' lang='lat' dir='ltr'><strong>regis</strong></span> <span class='ocrx_word' id='word_1_17' title='bbox 902 965 1097 1048; x_wconf 84' lang='lat' dir='ltr'><strong>Anglorum</strong></span> <span class='ocrx_word' id='word_1_18' title='bbox 1111 986 1191 1026; x_wconf 69' lang='lat' dir='ltr'><strong>vnn</strong></span> 
     </span>
     <span class='ocr_line' id='line_1_5' title="bbox 147 1038 1213 1143; baseline 0.009 -21"><span class='ocrx_word' id='word_1_19' title='bbox 147 1059 309 1123; x_wconf 89' lang='lat' dir='ltr'><strong>Edwardi</strong></span> <span class='ocrx_word' id='word_1_20' title='bbox 327 1060 421 1124; x_wconf 89' lang='lat' dir='ltr'><strong>tertii</strong></span> <span class='ocrx_word' id='word_1_21' title='bbox 435 1077 532 1138; x_wconf 69' lang='lat' dir='ltr'><strong>er,</strong></span> <span class='ocrx_word' id='word_1_22' title='bbox 551 1061 723 1126; x_wconf 87' lang='lat' dir='ltr'><strong>Henricus</strong></span> <span class='ocrx_word' id='word_1_23' title='bbox 742 1063 966 1143; x_wconf 84' lang='lat' dir='ltr'><strong>Lancastriae,</strong></span> <span class='ocrx_word' id='word_1_24' title='bbox 984 1086 1098 1131; x_wconf 91' lang='lat' dir='ltr'><strong>comes</strong></span> <span class='ocrx_word' id='word_1_25' title='bbox 1111 1038 1213 1085; x_wconf 56' lang='lat' dir='ltr'><strong>GW&#39;</strong></span> 
     </span>
     <span class='ocr_line' id='line_1_6' title="bbox 146 1159 1098 1242; baseline 0.006 -20"><span class='ocrx_word' id='word_1_26' title='bbox 146 1160 332 1242; x_wconf 86' lang='lat' dir='ltr'><strong>Derbeyae,</strong></span> <span class='ocrx_word' id='word_1_27' title='bbox 357 1159 393 1222; x_wconf 90' lang='lat' dir='ltr'><strong>in</strong></span> <span class='ocrx_word' id='word_1_28' title='bbox 410 1159 621 1224; x_wconf 87' lang='lat' dir='ltr'><strong>Vasconiam</strong></span> <span class='ocrx_word' id='word_1_29' title='bbox 652 1163 901 1241; x_wconf 79' lang='lat' dir='ltr'><strong>transfretavit,</strong></span> <span class='ocrx_word' id='word_1_30' title='bbox 918 1185 995 1228; x_wconf 91' lang='lat' dir='ltr'><strong>cum</strong></span> <span class='ocrx_word' id='word_1_31' title='bbox 1020 1185 1098 1228; x_wconf 86' lang='lat' dir='ltr'><strong>sex-</strong></span> 
     </span>
     <span class='ocr_line' id='line_1_7' title="bbox 146 1258 1097 1346; baseline 0.006 -24"><span class='ocrx_word' id='word_1_32' title='bbox 146 1261 258 1323; x_wconf 83' lang='lat' dir='ltr'><strong>centis</strong></span> <span class='ocrx_word' id='word_1_33' title='bbox 275 1258 469 1323; x_wconf 88' lang='lat' dir='ltr'><strong>hominibus</strong></span> <span class='ocrx_word' id='word_1_34' title='bbox 493 1278 666 1324; x_wconf 89' lang='lat' dir='ltr'><strong>armorum</strong></span> <span class='ocrx_word' id='word_1_35' title='bbox 686 1262 900 1346; x_wconf 90' lang='lat' dir='ltr'><strong>totidemque</strong></span> <span class='ocrx_word' id='word_1_36' title='bbox 922 1265 1097 1346; x_wconf 84' lang='lat' dir='ltr'><strong>sagittari·</strong></span> 
     </span>
     <span class='ocr_line' id='line_1_8' title="bbox 146 1359 1097 1442; baseline 0.006 -20"><span class='ocrx_word' id='word_1_37' title='bbox 146 1377 266 1432; x_wconf 76' lang='lat' dir='ltr'><strong>orum3</strong></span> <span class='ocrx_word' id='word_1_38' title='bbox 292 1359 351 1440; x_wconf 90' lang='lat' dir='ltr'><strong>qui</strong></span> <span class='ocrx_word' id='word_1_39' title='bbox 368 1359 478 1442; x_wconf 91' lang='lat' dir='ltr'><strong>primo</strong></span> <span class='ocrx_word' id='word_1_40' title='bbox 493 1359 623 1423; x_wconf 86' lang='lat' dir='ltr'><strong>insultu</strong></span> <span class='ocrx_word' id='word_1_41' title='bbox 638 1362 757 1432; x_wconf 85' lang='lat' dir='ltr'><strong>urbem</strong></span> <span class='ocrx_word' id='word_1_42' title='bbox 774 1363 1037 1428; x_wconf 83' lang='lat' dir='ltr'><strong>munitissimam</strong></span> <span class='ocrx_word' id='word_1_43' title='bbox 1054 1364 1097 1427; x_wconf 90' lang='lat' dir='ltr'><strong>de</strong></span> 
     </span>
     <span class='ocr_line' id='line_1_9' title="bbox 146 1456 1096 1540; baseline 0.007 -20"><span class='ocrx_word' id='word_1_44' title='bbox 146 1456 341 1539; x_wconf 87' lang='lat' dir='ltr'><strong>Briggerak</strong></span> <span class='ocrx_word' id='word_1_45' title='bbox 378 1458 481 1540; x_wconf 87' lang='lat' dir='ltr'><strong>cepit.</strong></span> <span class='ocrx_word' id='word_1_46' title='bbox 537 1458 609 1522; x_wconf 91' lang='lat' dir='ltr'><strong>Hic</strong></span> <span class='ocrx_word' id='word_1_47' title='bbox 638 1476 690 1524; x_wconf 80' lang='lat' dir='ltr'><strong>xl.</strong></span> <span class='ocrx_word' id='word_1_48' title='bbox 716 1459 848 1524; x_wconf 89' lang='lat' dir='ltr'><strong>nobiles</strong></span> <span class='ocrx_word' id='word_1_49' title='bbox 876 1463 910 1525; x_wconf 92' lang='lat' dir='ltr'><strong>in</strong></span> <span class='ocrx_word' id='word_1_50' title='bbox 938 1482 980 1526; x_wconf 88' lang='lat' dir='ltr'><strong>ea</strong></span> <span class='ocrx_word' id='word_1_51' title='bbox 1002 1464 1096 1527; x_wconf 87' lang='lat' dir='ltr'><strong>exis-</strong></span> 
     </span>
     <span class='ocr_line' id='line_1_10' title="bbox 148 1557 1095 1643; baseline 0.005 -21"><span class='ocrx_word' id='word_1_52' title='bbox 148 1565 273 1634; x_wconf 82' lang='lat' dir='ltr'><strong>tentes,</strong></span> <span class='ocrx_word' id='word_1_53' title='bbox 286 1565 322 1620; x_wconf 90' lang='lat' dir='ltr'><strong>et</strong></span> <span class='ocrx_word' id='word_1_54' title='bbox 334 1557 450 1639; x_wconf 86' lang='lat' dir='ltr'><strong>plnres</strong></span> <span class='ocrx_word' id='word_1_55' title='bbox 464 1557 552 1622; x_wconf 90' lang='lat' dir='ltr'><strong>alios</strong></span> <span class='ocrx_word' id='word_1_56' title='bbox 563 1557 606 1622; x_wconf 93' lang='lat' dir='ltr'><strong>de</strong></span> <span class='ocrx_word' id='word_1_57' title='bbox 614 1559 755 1640; x_wconf 89' lang='lat' dir='ltr'><strong>plebeiis</strong></span> <span class='ocrx_word' id='word_1_58' title='bbox 767 1561 871 1624; x_wconf 89' lang='lat' dir='ltr'><strong>etiam</strong></span> <span class='ocrx_word' id='word_1_59' title='bbox 886 1564 1095 1643; x_wconf 83' lang='lat' dir='ltr'><strong>captivavit:</strong></span> 
     </span>
     <span class='ocr_line' id='line_1_11' title="bbox 148 1657 1096 1744; baseline 0.006 -25"><span class='ocrx_word' id='word_1_60' title='bbox 148 1658 251 1720; x_wconf 87' lang='lat' dir='ltr'><strong>urbes</strong></span> <span class='ocrx_word' id='word_1_61' title='bbox 274 1657 427 1739; x_wconf 80' lang='lat' dir='ltr'><strong>insignes</strong></span> <span class='ocrx_word' id='word_1_62' title='bbox 453 1665 489 1721; x_wconf 89' lang='lat' dir='ltr'><strong>et</strong></span> <span class='ocrx_word' id='word_1_63' title='bbox 511 1657 612 1721; x_wconf 86' lang='lat' dir='ltr'><strong>villas</strong></span> <span class='ocrx_word' id='word_1_64' title='bbox 637 1658 731 1736; x_wconf 88' lang='lat' dir='ltr'><strong>inihi,</strong></span> <span class='ocrx_word' id='word_1_65' title='bbox 757 1679 899 1725; x_wconf 88' lang='lat' dir='ltr'><strong>numero</strong></span> <span class='ocrx_word' id='word_1_66' title='bbox 926 1663 1096 1744; x_wconf 90' lang='lat' dir='ltr'><strong>quinqua·</strong></span> 
     </span>
     <span class='ocr_line' id='line_1_12' title="bbox 148 1755 1096 1843; baseline 0.006 -25"><span class='ocrx_word' id='word_1_67' title='bbox 148 1756 249 1838; x_wconf 80' lang='lat' dir='ltr'><strong>ginta</strong></span> <span class='ocrx_word' id='word_1_68' title='bbox 271 1775 347 1834; x_wconf 83' lang='lat' dir='ltr'><strong>sex,</strong></span> <span class='ocrx_word' id='word_1_69' title='bbox 365 1756 457 1837; x_wconf 84' lang='lat' dir='ltr'><strong>regis</strong></span> <span class='ocrx_word' id='word_1_70' title='bbox 483 1755 623 1837; x_wconf 79' lang='lat' dir='ltr'><strong>Angliae</strong></span> <span class='ocrx_word' id='word_1_71' title='bbox 649 1758 771 1822; x_wconf 90' lang='lat' dir='ltr'><strong>ditioni</strong></span> <span class='ocrx_word' id='word_1_72' title='bbox 803 1767 839 1823; x_wconf 91' lang='lat' dir='ltr'><strong>et</strong></span> <span class='ocrx_word' id='word_1_73' title='bbox 861 1758 1096 1843; x_wconf 80' lang='lat' dir='ltr'><strong>jurisdictioni</strong></span> 
     </span>
     <span class='ocr_line' id='line_1_13' title="bbox 147 1855 1097 1940; baseline 0.005 -22"><span class='ocrx_word' id='word_1_74' title='bbox 147 1855 288 1940; x_wconf 89' lang='lat' dir='ltr'><strong>adjecit.</strong></span> <span class='ocrx_word' id='word_1_75' title='bbox 354 1855 503 1920; x_wconf 90' lang='lat' dir='ltr'><strong>Demum</strong></span> <span class='ocrx_word' id='word_1_76' title='bbox 531 1863 611 1938; x_wconf 88' lang='lat' dir='ltr'><strong>post</strong></span> <span class='ocrx_word' id='word_1_77' title='bbox 643 1857 834 1921; x_wconf 85' lang='lat' dir='ltr'><strong>exercitum</strong></span> <span class='ocrx_word' id='word_1_78' title='bbox 871 1859 1097 1937; x_wconf 88' lang='lat' dir='ltr'><strong>Francorum,</strong></span> 
     </span>
     <span class='ocr_line' id='line_1_14' title="bbox 148 1955 1097 2038; baseline 0.004 -20"><span class='ocrx_word' id='word_1_79' title='bbox 148 1975 227 2019; x_wconf 90' lang='lat' dir='ltr'><strong>cum</strong></span> <span class='ocrx_word' id='word_1_80' title='bbox 256 1973 360 2019; x_wconf 91' lang='lat' dir='ltr'><strong>manu</strong></span> <span class='ocrx_word' id='word_1_81' title='bbox 390 1955 506 2020; x_wconf 88' lang='lat' dir='ltr'><strong>valida</strong></span> <span class='ocrx_word' id='word_1_82' title='bbox 535 1955 626 2038; x_wconf 92' lang='lat' dir='ltr'><strong>apud</strong></span> <span class='ocrx_word' id='word_1_83' title='bbox 654 1955 841 2020; x_wconf 89' lang='lat' dir='ltr'><strong>Allebroch</strong></span> <span class='ocrx_word' id='word_1_84' title='bbox 873 1967 994 2022; x_wconf 88' lang='lat' dir='ltr'><strong>contra</strong></span> <span class='ocrx_word' id='word_1_85' title='bbox 1020 1978 1097 2022; x_wconf 91' lang='lat' dir='ltr'><strong>eum</strong></span> 
     </span>
     <span class='ocr_line' id='line_1_15' title="bbox 149 2054 1098 2138; baseline 0.003 -20"><span class='ocrx_word' id='word_1_86' title='bbox 149 2055 357 2131; x_wconf 89' lang='lat' dir='ltr'><strong>venientem,</strong></span> <span class='ocrx_word' id='word_1_87' title='bbox 391 2054 577 2119; x_wconf 87' lang='lat' dir='ltr'><strong>contrivit:</strong></span> <span class='ocrx_word' id='word_1_88' title='bbox 618 2055 730 2138; x_wconf 90' lang='lat' dir='ltr'><strong>captis</strong></span> <span class='ocrx_word' id='word_1_89' title='bbox 763 2057 936 2120; x_wconf 85' lang='lat' dir='ltr'><strong>nobilibus</strong></span> <span class='ocrx_word' id='word_1_90' title='bbox 971 2073 1098 2136; x_wconf 75' lang='lat' dir='ltr'><strong>xxm„</strong></span> 
     </span>
     <span class='ocr_line' id='line_1_16' title="bbox 151 2153 1099 2234; baseline 0.005 -17"><span class='ocrx_word' id='word_1_91' title='bbox 151 2173 230 2217; x_wconf 90' lang='lat' dir='ltr'><strong>cum</strong></span> <span class='ocrx_word' id='word_1_92' title='bbox 253 2153 331 2217; x_wconf 86' lang='lat' dir='ltr'><strong>aliis</strong></span> <span class='ocrx_word' id='word_1_93' title='bbox 348 2154 432 2218; x_wconf 90' lang='lat' dir='ltr'><strong>viris</strong></span> <span class='ocrx_word' id='word_1_94' title='bbox 460 2173 633 2217; x_wconf 89' lang='lat' dir='ltr'><strong>armorum</strong></span> <span class='ocrx_word' id='word_1_95' title='bbox 655 2156 855 2234; x_wconf 84' lang='lat' dir='ltr'><strong>innumeris,</strong></span> <span class='ocrx_word' id='word_1_96' title='bbox 871 2157 994 2221; x_wconf 88' lang='lat' dir='ltr'><strong>ceteris</strong></span> <span class='ocrx_word' id='word_1_97' title='bbox 1018 2175 1099 2222; x_wconf 90' lang='lat' dir='ltr'><strong>vero</strong></span> 
     </span>
     <span class='ocr_line' id='line_1_17' title="bbox 151 2253 1098 2339; baseline 0.005 -23"><span class='ocrx_word' id='word_1_98' title='bbox 151 2260 212 2316; x_wconf 87' lang='lat' dir='ltr'><strong>aut</strong></span> <span class='ocrx_word' id='word_1_99' title='bbox 239 2253 355 2334; x_wconf 88' lang='lat' dir='ltr'><strong>gladio</strong></span> <span class='ocrx_word' id='word_1_100' title='bbox 380 2253 577 2336; x_wconf 84' lang='lat' dir='ltr'><strong>peremptis,</strong></span> <span class='ocrx_word' id='word_1_101' title='bbox 604 2262 665 2318; x_wconf 92' lang='lat' dir='ltr'><strong>aut</strong></span> <span class='ocrx_word' id='word_1_102' title='bbox 687 2253 835 2336; x_wconf 88' lang='lat' dir='ltr'><strong>turpiter</strong></span> <span class='ocrx_word' id='word_1_103' title='bbox 851 2257 887 2319; x_wconf 92' lang='lat' dir='ltr'><strong>in</strong></span> <span class='ocrx_word' id='word_1_104' title='bbox 908 2256 1026 2339; x_wconf 86' lang='lat' dir='ltr'><strong>fugam</strong></span> <span class='ocrx_word' id='word_1_105' title='bbox 1043 2275 1098 2321; x_wconf 91' lang='lat' dir='ltr'><strong>co·</strong></span> 
     </span>
     <span class='ocr_line' id='line_1_18' title="bbox 152 2350 265 2416; baseline 0.009 -1"><span class='ocrx_word' id='word_1_106' title='bbox 152 2350 265 2416; x_wconf 65' lang='lat' dir='ltr'><strong>arctis.2</strong></span> 
     </span>
    </p>

    <p class='ocr_par' dir='ltr' id='par_1_4' title="bbox 203 2450 1200 2531">
     <span class='ocr_line' id='line_1_19' title="bbox 203 2450 1200 2531; baseline 0.002 -15"><span class='ocrx_word' id='word_1_107' title='bbox 203 2451 247 2516; x_wconf 89' lang='lat' dir='ltr'><strong>In</strong></span> <span class='ocrx_word' id='word_1_108' title='bbox 263 2450 352 2514; x_wconf 87' lang='lat' dir='ltr'><strong>festo</strong></span> <span class='ocrx_word' id='word_1_109' title='bbox 368 2451 622 2516; x_wconf 85' lang='lat' dir='ltr'><strong>Translationis</strong></span> <span class='ocrx_word' id='word_1_110' title='bbox 642 2453 753 2516; x_wconf 91' lang='lat' dir='ltr'><strong>sancti</strong></span> <span class='ocrx_word' id='word_1_111' title='bbox 771 2451 928 2531; x_wconf 84' lang='lat' dir='ltr'><strong>Thomae,</strong></span> <span class='ocrx_word' id='word_1_112' title='bbox 944 2473 1007 2519; x_wconf 86' lang='lat' dir='ltr'><strong>rex</strong></span> <span class='ocrx_word' id='word_1_113' title='bbox 1027 2455 1097 2520; x_wconf 89' lang='lat' dir='ltr'><strong>Ed·</strong></span> <span class='ocrx_word' id='word_1_114' title='bbox 1111 2479 1200 2518; x_wconf 62' lang='lat' dir='ltr'><strong>mnne</strong></span> 
     </span>
    </p>
   </div>
   <div class='ocr_carea' id='block_1_4' title="bbox 1071 2539 1249 2570">
    <p class='ocr_par' dir='ltr' id='par_1_5' title="bbox 1071 2539 1249 2570">
     <span class='ocr_line' id='line_1_20' title="bbox 1071 2539 1249 2570; baseline -0.011 0"><span class='ocrx_word' id='word_1_115' title='bbox 1071 2556 1078 2570; x_wconf 77' lang='grc' dir='ltr'>ι</span> <span class='ocrx_word' id='word_1_116' title='bbox 1110 2540 1190 2568; x_wconf 75' lang='lat' dir='ltr'><strong>croam</strong></span> <span class='ocrx_word' id='word_1_117' title='bbox 1199 2539 1249 2568; x_wconf 67' lang='lat' dir='ltr'><strong>over</strong></span> 
     </span>
    </p>
   </div>
   <div class='ocr_carea' id='block_1_5' title="bbox 151 2550 1192 2633">
    <p class='ocr_par' dir='ltr' id='par_1_6' title="bbox 151 2550 1192 2633">
     <span class='ocr_line' id='line_1_21' title="bbox 151 2550 1192 2633; baseline 0.003 -18"><span class='ocrx_word' id='word_1_118' title='bbox 151 2550 288 2615; x_wconf 88' lang='lat' dir='ltr'><strong>wardus</strong></span> <span class='ocrx_word' id='word_1_119' title='bbox 316 2551 493 2631; x_wconf 86' lang='lat' dir='ltr'><strong>ingressus</strong></span> <span class='ocrx_word' id='word_1_120' title='bbox 516 2557 571 2615; x_wconf 91' lang='lat' dir='ltr'><strong>est</strong></span> <span class='ocrx_word' id='word_1_121' title='bbox 595 2570 702 2629; x_wconf 89' lang='lat' dir='ltr'><strong>mare,</strong></span> <span class='ocrx_word' id='word_1_122' title='bbox 725 2551 964 2633; x_wconf 83' lang='lat' dir='ltr'><strong>ignorantibus</strong></span> <span class='ocrx_word' id='word_1_123' title='bbox 986 2573 1097 2618; x_wconf 86' lang='lat' dir='ltr'><strong>omnr·</strong></span> <span class='ocrx_word' id='word_1_124' title='bbox 1111 2579 1192 2618; x_wconf 70' lang='lat' dir='ltr'><strong>nuor-</strong></span> 
     </span>
    </p>
   </div>
   <div class='ocr_carea' id='block_1_6' title="bbox 153 2629 1196 2731">
    <p class='ocr_par' dir='ltr' id='par_1_7' title="bbox 153 2629 1196 2731">
     <span class='ocr_line' id='line_1_22' title="bbox 153 2629 1196 2731; baseline 0 -18"><span class='ocrx_word' id='word_1_125' title='bbox 153 2651 217 2713; x_wconf 89' lang='lat' dir='ltr'><strong>bus</strong></span> <span class='ocrx_word' id='word_1_126' title='bbox 245 2650 318 2714; x_wconf 89' lang='lat' dir='ltr'><strong>suis</strong></span> <span class='ocrx_word' id='word_1_127' title='bbox 339 2668 504 2731; x_wconf 91' lang='lat' dir='ltr'><strong>quorsum</strong></span> <span class='ocrx_word' id='word_1_128' title='bbox 526 2650 691 2715; x_wconf 89' lang='lat' dir='ltr'><strong>tenderet.</strong></span> <span class='ocrx_word' id='word_1_129' title='bbox 744 2650 812 2715; x_wconf 90' lang='lat' dir='ltr'><strong>Sed</strong></span> <span class='ocrx_word' id='word_1_130' title='bbox 831 2653 969 2717; x_wconf 88' lang='lat' dir='ltr'><strong>tandem</strong></span> <span class='ocrx_word' id='word_1_131' title='bbox 990 2654 1097 2718; x_wconf 88' lang='lat' dir='ltr'><strong>ductu</strong></span> <span class='ocrx_word' id='word_1_132' title='bbox 1110 2629 1196 2678; x_wconf 51' lang='lat' dir='ltr'><strong>mm*</strong></span> 
     </span>
    </p>
   </div>
   <div class='ocr_carea' id='block_1_7' title="bbox 152 2748 1103 3734">
    <p class='ocr_par' dir='ltr' id='par_1_8' title="bbox 152 2748 1103 3734">
     <span class='ocr_line' id='line_1_23' title="bbox 152 2748 1099 2834; baseline 0.005 -22"><span class='ocrx_word' id='word_1_133' title='bbox 152 2749 332 2834; x_wconf 88' lang='lat' dir='ltr'><strong>cujusdam</strong></span> <span class='ocrx_word' id='word_1_134' title='bbox 348 2751 466 2814; x_wconf 88' lang='lat' dir='ltr'><strong>militis</strong></span> <span class='ocrx_word' id='word_1_135' title='bbox 478 2748 540 2814; x_wconf 82' lang='lat' dir='ltr'><strong>³de</strong></span> <span class='ocrx_word' id='word_1_136' title='bbox 555 2750 764 2828; x_wconf 89' lang='lat' dir='ltr'><strong>Harecourt,</strong></span> <span class='ocrx_word' id='word_1_137' title='bbox 775 2753 936 2834; x_wconf 88' lang='lat' dir='ltr'><strong>nnperde</strong></span> <span class='ocrx_word' id='word_1_138' title='bbox 951 2753 1099 2817; x_wconf 84' lang='lat' dir='ltr'><strong>Francia</strong></span> 
     </span>
     <span class='ocr_line' id='line_1_24' title="bbox 153 2848 1098 2935; baseline 0.004 -24"><span class='ocrx_word' id='word_1_139' title='bbox 153 2848 318 2930; x_wconf 80' lang='lat' dir='ltr'><strong>exlegati,</strong></span> <span class='ocrx_word' id='word_1_140' title='bbox 353 2849 389 2912; x_wconf 88' lang='lat' dir='ltr'><strong>in</strong></span> <span class='ocrx_word' id='word_1_141' title='bbox 426 2850 570 2914; x_wconf 87' lang='lat' dir='ltr'><strong>australi</strong></span> <span class='ocrx_word' id='word_1_142' title='bbox 605 2858 704 2932; x_wconf 89' lang='lat' dir='ltr'><strong>parte</strong></span> <span class='ocrx_word' id='word_1_143' title='bbox 738 2849 977 2928; x_wconf 87' lang='lat' dir='ltr'><strong>Normanuiae,</strong></span> <span class='ocrx_word' id='word_1_144' title='bbox 1005 2852 1098 2935; x_wconf 90' lang='lat' dir='ltr'><strong>apud</strong></span> 
     </span>
     <span class='ocr_line' id='line_1_25' title="bbox 154 2947 1099 3033; baseline 0.004 -23"><span class='ocrx_word' id='word_1_145' title='bbox 154 2947 299 3030; x_wconf 88' lang='lat' dir='ltr'><strong>Hogges</strong></span> <span class='ocrx_word' id='word_1_146' title='bbox 308 2947 415 3033; x_wconf 80' lang='lat' dir='ltr'><strong>juxta</strong></span> <span class='ocrx_word' id='word_1_147' title='bbox 427 2949 622 3031; x_wconf 87' lang='lat' dir='ltr'><strong>Sequanam</strong></span> <span class='ocrx_word' id='word_1_148' title='bbox 633 2947 760 3012; x_wconf 90' lang='lat' dir='ltr'><strong>flumen</strong></span> <span class='ocrx_word' id='word_1_149' title='bbox 776 2949 954 3033; x_wconf 87' lang='lat' dir='ltr'><strong>applicuit.</strong></span> <span class='ocrx_word' id='word_1_150' title='bbox 989 2949 1099 3014; x_wconf 88' lang='lat' dir='ltr'><strong>Gado·</strong></span> 
     </span>
     <span class='ocr_line' id='line_1_26' title="bbox 153 3047 1100 3132; baseline 0.004 -22"><span class='ocrx_word' id='word_1_151' title='bbox 153 3067 247 3111; x_wconf 90' lang='lat' dir='ltr'><strong>mum</strong></span> <span class='ocrx_word' id='word_1_152' title='bbox 262 3055 297 3111; x_wconf 89' lang='lat' dir='ltr'><strong>et</strong></span> <span class='ocrx_word' id='word_1_153' title='bbox 318 3048 404 3111; x_wconf 85' lang='lat' dir='ltr'><strong>alias</strong></span> <span class='ocrx_word' id='word_1_154' title='bbox 423 3049 524 3112; x_wconf 88' lang='lat' dir='ltr'><strong>urbes</strong></span> <span class='ocrx_word' id='word_1_155' title='bbox 548 3048 721 3130; x_wconf 88' lang='lat' dir='ltr'><strong>spoliavit,</strong></span> <span class='ocrx_word' id='word_1_156' title='bbox 741 3047 830 3112; x_wconf 89' lang='lat' dir='ltr'><strong>unde</strong></span> <span class='ocrx_word' id='word_1_157' title='bbox 849 3049 904 3112; x_wconf 89' lang='lat' dir='ltr'><strong>sui</strong></span> <span class='ocrx_word' id='word_1_158' title='bbox 921 3051 1100 3132; x_wconf 89' lang='lat' dir='ltr'><strong>quamplu-</strong></span> 
     </span>
     <span class='ocr_line' id='line_1_27' title="bbox 155 3145 1100 3231; baseline 0.002 -21"><span class='ocrx_word' id='word_1_159' title='bbox 155 3147 279 3210; x_wconf 90' lang='lat' dir='ltr'><strong>rimum</strong></span> <span class='ocrx_word' id='word_1_160' title='bbox 314 3155 396 3210; x_wconf 90' lang='lat' dir='ltr'><strong>sunt</strong></span> <span class='ocrx_word' id='word_1_161' title='bbox 416 3147 538 3212; x_wconf 89' lang='lat' dir='ltr'><strong>ditati:</strong></span> <span class='ocrx_word' id='word_1_162' title='bbox 575 3166 695 3211; x_wconf 86' lang='lat' dir='ltr'><strong>verum</strong></span> <span class='ocrx_word' id='word_1_163' title='bbox 725 3148 807 3228; x_wconf 89' lang='lat' dir='ltr'><strong>quia</strong></span> <span class='ocrx_word' id='word_1_164' title='bbox 824 3145 1019 3231; x_wconf 89' lang='lat' dir='ltr'><strong>Philippus,</strong></span> <span class='ocrx_word' id='word_1_165' title='bbox 1037 3167 1100 3212; x_wconf 86' lang='lat' dir='ltr'><strong>rex</strong></span> 
     </span>
     <span class='ocr_line' id='line_1_28' title="bbox 155 3245 1100 3329; baseline 0.004 -21"><span class='ocrx_word' id='word_1_166' title='bbox 155 3245 324 3323; x_wconf 74' lang='lat' dir='ltr'><strong>Franciea</strong></span> <span class='ocrx_word' id='word_1_167' title='bbox 356 3254 480 3329; x_wconf 87' lang='lat' dir='ltr'><strong>pontes</strong></span> <span class='ocrx_word' id='word_1_168' title='bbox 506 3246 685 3309; x_wconf 88' lang='lat' dir='ltr'><strong>fluminum</strong></span> <span class='ocrx_word' id='word_1_169' title='bbox 713 3246 940 3329; x_wconf 87' lang='lat' dir='ltr'><strong>undecunque</strong></span> <span class='ocrx_word' id='word_1_170' title='bbox 966 3247 1100 3312; x_wconf 89' lang='lat' dir='ltr'><strong>confre-</strong></span> 
     </span>
     <span class='ocr_line' id='line_1_29' title="bbox 153 3343 1100 3428; baseline 0.001 -19"><span class='ocrx_word' id='word_1_171' title='bbox 153 3353 264 3425; x_wconf 86' lang='lat' dir='ltr'><strong>gerat,</strong></span> <span class='ocrx_word' id='word_1_172' title='bbox 277 3365 321 3409; x_wconf 87' lang='lat' dir='ltr'><strong>ne</strong></span> <span class='ocrx_word' id='word_1_173' title='bbox 339 3343 512 3410; x_wconf 86' lang='lat' dir='ltr'><strong>exercitus</strong></span> <span class='ocrx_word' id='word_1_174' title='bbox 530 3345 573 3409; x_wconf 91' lang='lat' dir='ltr'><strong>ad</strong></span> <span class='ocrx_word' id='word_1_175' title='bbox 586 3346 733 3411; x_wconf 89' lang='lat' dir='ltr'><strong>invicem</strong></span> <span class='ocrx_word' id='word_1_176' title='bbox 750 3355 893 3428; x_wconf 90' lang='lat' dir='ltr'><strong>possent</strong></span> <span class='ocrx_word' id='word_1_177' title='bbox 903 3347 1100 3428; x_wconf 89' lang='lat' dir='ltr'><strong>confligere,</strong></span> 
     </span>
     <span class='ocr_line' id='line_1_30' title="bbox 154 3444 1100 3526; baseline 0.002 -18"><span class='ocrx_word' id='word_1_178' title='bbox 154 3463 216 3508; x_wconf 84' lang='lat' dir='ltr'><strong>rex</strong></span> <span class='ocrx_word' id='word_1_179' title='bbox 233 3445 425 3509; x_wconf 89' lang='lat' dir='ltr'><strong>Edwardus</strong></span> <span class='ocrx_word' id='word_1_180' title='bbox 444 3444 692 3508; x_wconf 87' lang='lat' dir='ltr'><strong>Normanniam</strong></span> <span class='ocrx_word' id='word_1_181' title='bbox 706 3446 914 3526; x_wconf 83' lang='lat' dir='ltr'><strong>penetravit,</strong></span> <span class='ocrx_word' id='word_1_182' title='bbox 932 3447 1019 3510; x_wconf 90' lang='lat' dir='ltr'><strong>etin</strong></span> <span class='ocrx_word' id='word_1_183' title='bbox 1036 3465 1100 3510; x_wconf 91' lang='lat' dir='ltr'><strong>suo</strong></span> 
     </span>
     <span class='ocr_line' id='line_1_31' title="bbox 154 3543 1101 3610; baseline 0.004 -3"><span class='ocrx_word' id='word_1_184' title='bbox 154 3544 303 3608; x_wconf 89' lang='lat' dir='ltr'><strong>transitu</strong></span> <span class='ocrx_word' id='word_1_185' title='bbox 319 3543 515 3608; x_wconf 88' lang='lat' dir='ltr'><strong>Picardiam</strong></span> <span class='ocrx_word' id='word_1_186' title='bbox 538 3543 747 3609; x_wconf 87' lang='lat' dir='ltr'><strong>devastavit.</strong></span> <span class='ocrx_word' id='word_1_187' title='bbox 780 3544 937 3608; x_wconf 86' lang='lat' dir='ltr'><strong>Tandem</strong></span> <span class='ocrx_word' id='word_1_188' title='bbox 955 3567 1017 3610; x_wconf 86' lang='lat' dir='ltr'><strong>rex</strong></span> <span class='ocrx_word' id='word_1_189' title='bbox 1034 3543 1101 3610; x_wconf 89' lang='lat' dir='ltr'><strong>Ed·</strong></span> 
     </span>
     <span class='ocr_line' id='line_1_32' title="bbox 156 3643 1103 3734; baseline 0.002 -27"><span class='ocrx_word' id='word_1_190' title='bbox 156 3643 305 3721; x_wconf 89' lang='lat' dir='ltr'><strong>wardus,</strong></span> <span class='ocrx_word' id='word_1_191' title='bbox 327 3644 469 3708; x_wconf 88' lang='lat' dir='ltr'><strong>veniens</strong></span> <span class='ocrx_word' id='word_1_192' title='bbox 481 3643 697 3734; x_wconf 59' lang='lat' dir='ltr'><strong>fusienum,</strong></span> <span class='ocrx_word' id='word_1_193' title='bbox 712 3643 858 3708; x_wconf 88' lang='lat' dir='ltr'><strong>fractum</strong></span> <span class='ocrx_word' id='word_1_194' title='bbox 882 3653 1020 3728; x_wconf 90' lang='lat' dir='ltr'><strong>pontem</strong></span> <span class='ocrx_word' id='word_1_195' title='bbox 1037 3646 1103 3709; x_wconf 85' lang='lat' dir='ltr'><strong>ibi·</strong></span> 
     </span>
    </p>
   </div>
   <div class='ocr_carea' id='block_1_8' title="bbox 149 3808 1186 4361">
    <p class='ocr_par' dir='ltr' id='par_1_9' title="bbox 149 3808 1186 4361">
     <span class='ocr_line' id='line_1_33' title="bbox 188 3808 1103 3872; baseline 0.001 -14"><span class='ocrx_word' id='word_1_196' title='bbox 188 3808 195 3837; x_wconf 93' lang='lat'><strong>¹</strong></span> <span class='ocrx_word' id='word_1_197' title='bbox 213 3811 402 3860; x_wconf 86' lang='lat' dir='ltr'><strong>‘immature&#39;is</strong></span> <span class='ocrx_word' id='word_1_198' title='bbox 414 3809 499 3860; x_wconf 86' lang='lat' dir='ltr'><strong>Hall’s</strong></span> <span class='ocrx_word' id='word_1_199' title='bbox 511 3811 614 3860; x_wconf 90' lang='lat' dir='ltr'><strong>amend·</strong></span> <span class='ocrx_word' id='word_1_200' title='bbox 637 3809 795 3872; x_wconf 82' lang='lat' dir='ltr'><strong>ledgement3</strong></span> <span class='ocrx_word' id='word_1_201' title='bbox 818 3811 864 3859; x_wconf 92' lang='lat' dir='ltr'><strong>but</strong></span> <span class='ocrx_word' id='word_1_202' title='bbox 882 3810 914 3858; x_wconf 89' lang='lat' dir='ltr'><strong>he</strong></span> <span class='ocrx_word' id='word_1_203' title='bbox 932 3811 992 3859; x_wconf 90' lang='lat' dir='ltr'><strong>does</strong></span> <span class='ocrx_word' id='word_1_204' title='bbox 1011 3816 1055 3859; x_wconf 91' lang='lat' dir='ltr'><strong>not</strong></span> <span class='ocrx_word' id='word_1_205' title='bbox 1066 3811 1103 3859; x_wconf 91' lang='lat' dir='ltr'><strong>al-</strong></span> 
     </span>
     <span class='ocr_line' id='line_1_34' title="bbox 151 3879 1101 3944; baseline -0.004 -13"><span class='ocrx_word' id='word_1_206' title='bbox 151 3881 183 3931; x_wconf 90' lang='lat' dir='ltr'><strong>ed</strong></span> <span class='ocrx_word' id='word_1_207' title='bbox 201 3881 308 3943; x_wconf 86' lang='lat' dir='ltr'><strong>reading</strong></span> <span class='ocrx_word' id='word_1_208' title='bbox 327 3881 365 3929; x_wconf 90' lang='lat' dir='ltr'><strong>for</strong></span> <span class='ocrx_word' id='word_1_209' title='bbox 383 3879 514 3944; x_wconf 68' lang='lat' dir='ltr'><strong>‘matura&#39;</strong></span> <span class='ocrx_word' id='word_1_210' title='bbox 529 3879 614 3929; x_wconf 87' lang='lat' dir='ltr'><strong>which</strong></span> <span class='ocrx_word' id='word_1_211' title='bbox 637 3894 710 3941; x_wconf 88' lang='lat' dir='ltr'><strong>ways</strong></span> <span class='ocrx_word' id='word_1_212' title='bbox 725 3879 810 3928; x_wconf 82' lang='lat' dir='ltr'><strong>follow</strong></span> <span class='ocrx_word' id='word_1_213' title='bbox 829 3879 872 3928; x_wconf 91' lang='lat' dir='ltr'><strong>the</strong></span> <span class='ocrx_word' id='word_1_214' title='bbox 891 3885 965 3928; x_wconf 84' lang='lat' dir='ltr'><strong>exact</strong></span> <span class='ocrx_word' id='word_1_215' title='bbox 981 3881 1054 3928; x_wconf 89' lang='lat' dir='ltr'><strong>order</strong></span> <span class='ocrx_word' id='word_1_216' title='bbox 1076 3881 1101 3927; x_wconf 92' lang='lat' dir='ltr'><strong>in</strong></span> 
     </span>
     <span class='ocr_line' id='line_1_35' title="bbox 151 3949 1101 4000; baseline -0.001 -1"><span class='ocrx_word' id='word_1_217' title='bbox 151 3950 402 4000; x_wconf 79' lang='lat' dir='ltr'><strong>occursiatheMS.</strong></span> <span class='ocrx_word' id='word_1_218' title='bbox 638 3949 723 3998; x_wconf 83' lang='lat' dir='ltr'><strong>which</strong></span> <span class='ocrx_word' id='word_1_219' title='bbox 736 3949 779 3998; x_wconf 89' lang='lat' dir='ltr'><strong>the</strong></span> <span class='ocrx_word' id='word_1_220' title='bbox 798 3949 895 3998; x_wconf 84' lang='lat' dir='ltr'><strong>several</strong></span> <span class='ocrx_word' id='word_1_221' title='bbox 913 3953 998 3997; x_wconf 90' lang='lat' dir='ltr'><strong>events</strong></span> <span class='ocrx_word' id='word_1_222' title='bbox 1016 3964 1101 3998; x_wconf 91' lang='lat' dir='ltr'><strong>occur.</strong></span> 
     </span>
     <span class='ocr_line' id='line_1_36' title="bbox 187 4017 1101 4081; baseline 0 -13"><span class='ocrx_word' id='word_1_223' title='bbox 187 4019 292 4081; x_wconf 70' lang='lat' dir='ltr'><strong>&#39;Nota</strong></span> <span class='ocrx_word' id='word_1_224' title='bbox 314 4019 368 4068; x_wconf 88' lang='lat' dir='ltr'><strong>that</strong></span> <span class='ocrx_word' id='word_1_225' title='bbox 388 4020 452 4067; x_wconf 88' lang='lat' dir='ltr'><strong>from</strong></span> <span class='ocrx_word' id='word_1_226' title='bbox 471 4018 522 4067; x_wconf 86' lang='lat' dir='ltr'><strong>this</strong></span> <span class='ocrx_word' id='word_1_227' title='bbox 544 4019 614 4079; x_wconf 89' lang='lat' dir='ltr'><strong>point</strong></span> <span class='ocrx_word' id='word_1_228' title='bbox 637 4017 691 4067; x_wconf 73' lang='lat' dir='ltr'><strong>&#39;Ibe</strong></span> <span class='ocrx_word' id='word_1_229' title='bbox 703 4017 868 4080; x_wconf 79' lang='lat' dir='ltr'><strong>Hypodigma</strong></span> <span class='ocrx_word' id='word_1_230' title='bbox 879 4017 1009 4066; x_wconf 86' lang='lat' dir='ltr'><strong>Neustriae</strong></span> <span class='ocrx_word' id='word_1_231' title='bbox 1020 4032 1101 4068; x_wconf 87' lang='lat' dir='ltr'><strong>seems</strong></span> 
     </span>
     <span class='ocr_line' id='line_1_37' title="bbox 151 4087 1101 4150; baseline -0.002 -12"><span class='ocrx_word' id='word_1_232' title='bbox 151 4089 325 4150; x_wconf 82' lang='lat' dir='ltr'><strong>Walsingham</strong></span> <span class='ocrx_word' id='word_1_233' title='bbox 341 4088 388 4137; x_wconf 89' lang='lat' dir='ltr'><strong>has</strong></span> <span class='ocrx_word' id='word_1_234' title='bbox 400 4087 552 4138; x_wconf 75' lang='lat' dir='ltr'><strong>transferred</strong></span> <span class='ocrx_word' id='word_1_235' title='bbox 564 4087 614 4135; x_wconf 90' lang='lat' dir='ltr'><strong>and</strong></span> <span class='ocrx_word' id='word_1_236' title='bbox 638 4093 663 4136; x_wconf 95' lang='lat' dir='ltr'><strong>to</strong></span> <span class='ocrx_word' id='word_1_237' title='bbox 681 4087 745 4136; x_wconf 90' lang='lat' dir='ltr'><strong>have</strong></span> <span class='ocrx_word' id='word_1_238' title='bbox 768 4089 831 4137; x_wconf 88' lang='lat' dir='ltr'><strong>been</strong></span> <span class='ocrx_word' id='word_1_239' title='bbox 852 4088 1016 4137; x_wconf 83' lang='lat' dir='ltr'><strong>abbreviated</strong></span> <span class='ocrx_word' id='word_1_240' title='bbox 1038 4087 1101 4136; x_wconf 90' lang='lat' dir='ltr'><strong>from</strong></span> 
     </span>
     <span class='ocr_line' id='line_1_38' title="bbox 151 4156 793 4222; baseline -0.003 -14"><span class='ocrx_word' id='word_1_241' title='bbox 151 4160 270 4222; x_wconf 87' lang='lat' dir='ltr'><strong>enlarged</strong></span> <span class='ocrx_word' id='word_1_242' title='bbox 281 4159 368 4220; x_wconf 89' lang='lat' dir='ltr'><strong>nearly</strong></span> <span class='ocrx_word' id='word_1_243' title='bbox 378 4157 421 4207; x_wconf 91' lang='lat' dir='ltr'><strong>the</strong></span> <span class='ocrx_word' id='word_1_244' title='bbox 431 4158 514 4207; x_wconf 87' lang='lat' dir='ltr'><strong>whole</strong></span> <span class='ocrx_word' id='word_1_245' title='bbox 528 4157 557 4206; x_wconf 92' lang='lat' dir='ltr'><strong>of</strong></span> <span class='ocrx_word' id='word_1_246' title='bbox 571 4156 614 4204; x_wconf 90' lang='lat' dir='ltr'><strong>the</strong></span> <span class='ocrx_word' id='word_1_247' title='bbox 638 4172 685 4205; x_wconf 91' lang='lat' dir='ltr'><strong>our</strong></span> <span class='ocrx_word' id='word_1_248' title='bbox 695 4156 793 4206; x_wconf 87' lang='lat' dir='ltr'><strong>author.</strong></span> 
     </span>
     <span class='ocr_line' id='line_1_39' title="bbox 150 4223 1186 4292; baseline -0.003 -15"><span class='ocrx_word' id='word_1_249' title='bbox 150 4234 205 4277; x_wconf 86' lang='lat' dir='ltr'><strong>text</strong></span> <span class='ocrx_word' id='word_1_250' title='bbox 225 4227 256 4276; x_wconf 85' lang='lat' dir='ltr'><strong>of</strong></span> <span class='ocrx_word' id='word_1_251' title='bbox 273 4243 320 4277; x_wconf 93' lang='lat' dir='ltr'><strong>our</strong></span> <span class='ocrx_word' id='word_1_252' title='bbox 341 4227 439 4288; x_wconf 87' lang='lat' dir='ltr'><strong>author,</strong></span> <span class='ocrx_word' id='word_1_253' title='bbox 462 4227 520 4289; x_wconf 90' lang='lat' dir='ltr'><strong>and,</strong></span> <span class='ocrx_word' id='word_1_254' title='bbox 540 4241 568 4274; x_wconf 89' lang='lat' dir='ltr'><strong>as</strong></span> <span class='ocrx_word' id='word_1_255' title='bbox 590 4227 613 4274; x_wconf 89' lang='lat' dir='ltr'><strong>is</strong></span> <span class='ocrx_word' id='word_1_256' title='bbox 673 4223 763 4275; x_wconf 73' lang='lat' dir='ltr'><strong>³Hall</strong></span> <span class='ocrx_word' id='word_1_257' title='bbox 775 4223 1102 4288; x_wconf 85' lang='lat' dir='ltr'><strong>has‘ad’inhistext,but</strong></span> <span class='ocrx_word' id='word_1_258' title='bbox 1178 4279 1186 4292; x_wconf 36' lang='grc' dir='ltr'>ι</span> 
     </span>
     <span class='ocr_line' id='line_1_40' title="bbox 149 4296 1103 4361; baseline -0.004 -13"><span class='ocrx_word' id='word_1_259' title='bbox 149 4299 225 4348; x_wconf 86' lang='lat' dir='ltr'><strong>usual</strong></span> <span class='ocrx_word' id='word_1_260' title='bbox 235 4297 298 4347; x_wconf 88' lang='lat' dir='ltr'><strong>with</strong></span> <span class='ocrx_word' id='word_1_261' title='bbox 308 4297 370 4361; x_wconf 84' lang='lat' dir='ltr'><strong>him,</strong></span> <span class='ocrx_word' id='word_1_262' title='bbox 377 4297 485 4346; x_wconf 88' lang='lat' dir='ltr'><strong>without</strong></span> <span class='ocrx_word' id='word_1_263' title='bbox 495 4296 613 4347; x_wconf 88' lang='lat' dir='ltr'><strong>acknow-</strong></span> <span class='ocrx_word' id='word_1_264' title='bbox 638 4301 708 4345; x_wconf 83' lang='lat' dir='ltr'><strong>notes</strong></span> <span class='ocrx_word' id='word_1_265' title='bbox 719 4297 774 4346; x_wconf 91' lang='lat' dir='ltr'><strong>that</strong></span> <span class='ocrx_word' id='word_1_266' title='bbox 784 4297 827 4345; x_wconf 91' lang='lat' dir='ltr'><strong>the</strong></span> <span class='ocrx_word' id='word_1_267' title='bbox 833 4296 894 4346; x_wconf 76' lang='lat' dir='ltr'><strong>MS.</strong></span> <span class='ocrx_word' id='word_1_268' title='bbox 902 4302 1024 4345; x_wconf 90' lang='lat' dir='ltr'><strong>warrants</strong></span> <span class='ocrx_word' id='word_1_269' title='bbox 1037 4297 1103 4347; x_wconf 79' lang='lat' dir='ltr'><strong>‘da’</strong></span> 
     </span>
    </p>
   </div>
   <div class='ocr_carea' id='block_1_9' title="bbox 0 0 1597 5038">
    <p class='ocr_par' dir='ltr' id='par_1_10' title="bbox 0 0 1597 5038">
     <span class='ocr_line' id='line_1_41' title="bbox 0 0 1597 5038; baseline 0 0"><span class='ocrx_word' id='word_1_270' title='bbox 0 0 1597 5038; x_wconf 95' lang='lat' dir='ltr'><strong> </strong></span> 
     </span>
    </p>
   </div>
  </div>
 </body>
</html>
