3134 5046
536 525 757 576 cusorucom
1059 513 1124 578 125

174 685 215 750 ad
228 683 516 769 supplicationem
530 685 734 750 nunciorum
744 693 950 764 vestrorum,
962 685 1124 752 duximus
1138 704 1244 746 arama

171 786 403 863 annuendum,
421 792 456 848 et
474 785 669 850 condictum
694 791 749 850 est
766 806 872 870 super
890 787 956 851 hoc
976 789 1068 870 quod
1089 788 1125 852 in
1137 757 1233 847 iiiiii.

173 886 261 950 festo
277 887 389 950 sancti
403 885 512 962 Petri,
528 882 622 968 quod
639 886 765 950 dicitur
780 883 841 950 ‘ad
856 885 1029 964 Vincula,’
1044 908 1126 952 con-

173 986 311 1050 venient
329 985 423 1068 apud
438 983 651 1068 Auntoygne
671 1003 778 1069 propo
792 986 990 1051 Turnacum
1006 1006 1127 1070 procu·

172 1093 305 1150 ratores
336 1103 398 1148 seu
421 1085 629 1151 mediatores
662 1086 757 1168 pacis
780 1106 825 1150 ex
848 1094 996 1169 utraque
1015 1096 1127 1170 parte,

173 1185 217 1248 ad
232 1184 450 1249 tractandum
467 1204 571 1267 super
588 1185 682 1249 dicta
697 1205 793 1268 pace,
806 1204 868 1269 per
886 1186 956 1249 Dur
977 1185 1126 1267 gratiam

172 1284 400 1359 reformanda,
413 1305 515 1367 quam
532 1304 667 1367 semper
686 1293 853 1368 quantum
870 1285 986 1350 decuit
1002 1287 1126 1368 quaesi·

173 1384 299 1462 nimae,
322 1391 358 1447 et
374 1385 488 1467 parati
506 1403 638 1462 sumus,
656 1404 733 1449 cum
756 1404 832 1449 eam
856 1384 983 1450 habere
999 1387 1128 1470 poteri·

172 1503 251 1547 mus
276 1484 529 1560 rationabilem,
557 1491 759 1567 acceptarc;
795 1493 831 1549 et
854 1485 955 1549 valde
976 1486 1130 1568 placeret

174 1584 286 1661 nobis,
310 1590 346 1646 et
367 1584 524 1661 multum,
543 1590 582 1646 ut
602 1603 793 1666 speramus,
814 1583 980 1669 adjiceret
1003 1587 1045 1650 ad
1070 1606 1128 1669 pa-

173 1703 262 1760 cem,
285 1683 317 1745 si
340 1684 452 1748 nuntii
473 1683 579 1748 vestri
602 1684 673 1748 illic
703 1684 909 1749 mediatores
929 1686 1128 1750 amicabiles

172 1784 391 1848 interessent.
441 1781 630 1865 ¹[Vestrae]
663 1782 775 1847 etiam.
792 1785 1004 1849 sinceritatis
1027 1785 1129 1849 affec·

176 1891 245 1959 tus,
265 1901 366 1966 quem
393 1882 528 1947 habetis
555 1882 598 1946 ad
621 1882 805 1947 fovendum
832 1884 922 1948 inter
942 1892 1078 1949 vestros
1093 1892 1130 1950 et

173 1989 314 2048 nostros
331 1982 487 2047 subditos
503 1982 697 2046 dilectionis
713 1991 749 2048 et
768 1983 1017 2048 communionis
1033 1985 1130 2067 paci·

172 2081 239 2146 fice
256 2082 521 2159 firmamentum,
544 2083 642 2146 uobis
675 2082 858 2146 admodum
883 2091 937 2146 est
955 2093 1130 2166 acceptus.

175 2181 271 2246 Nam
294 2183 392 2246 novit
419 2181 521 2246 Deus
538 2182 630 2264 quod
650 2182 740 2246 inter
767 2188 882 2246 cetera
898 2183 1047 2247 corditer
1068 2203 1130 2267 ap·

175 2283 338 2366 petimus,
363 2288 402 2345 ut
431 2281 586 2346 fecundae
611 2281 803 2346 dilectionis
833 2283 1027 2364 integritas,
1052 2303 1130 2366 quae

174 2381 267 2446 inter
298 2382 418 2446 domos
444 2388 582 2446 nostras
615 2383 730 2463 regias
760 2382 871 2463 viguit
901 2383 1128 2466 abantiquo,

176 2481 303 2546 vestris
335 2481 503 2565 suscipiat
530 2482 741 2563 temporibus
765 2481 1026 2547 incrementum.
1085 2484 1131 2549 Et

176 2581 280 2646 valde
303 2582 483 2646 turbamur
505 2581 643 2664 quando
667 2581 793 2645 damna
815 2582 870 2646 vcl
892 2582 1027 2667 injuriae
1053 2585 1131 2646 sub-

177 2681 259 2744 ditis
294 2680 419 2746 vestris
455 2699 517 2763 per
552 2688 689 2746 nostros
731 2681 887 2746 subditos
925 2681 1130 2760 inferuntur,

176 2800 255 2844 cum
273 2788 408 2846 vestros
427 2781 523 2846 velut
547 2788 684 2845 nostros
709 2781 857 2845 civiliter
880 2788 916 2844 et
939 2783 1133 2847 amabiliter

178 2887 330 2944 tractare
357 2881 525 2945 volumus.
580 2881 681 2945 Unde
700 2880 825 2945 decens
850 2879 941 2944 foret
964 2890 999 2945 et
1024 2902 1132 2965 expe·

178 2979 288 3058 diens,
307 2980 411 3062 quod,
433 2980 476 3043 de
493 2981 543 3044 sic
567 2980 750 3045 inferendis
767 2980 900 3043 damnis
924 2987 959 3043 ct
983 2981 1131 3065 injuriis,

178 3080 333 3163 poenales
363 3087 399 3145 et
432 3079 599 3145 districtae
632 3079 852 3144 inhibitiones
884 3078 1003 3143 fierent
1030 3080 1131 3145 dictis

177 3180 325 3243 subditis
348 3178 428 3243 hinc
455 3186 490 3243 et
516 3179 608 3256 inde,
625 3199 703 3243 cum
734 3177 927 3264 adjectione
955 3181 1132 3262 praecepti,

180 3279 270 3362 quod
287 3286 408 3343 mutuo
426 3280 718 3343 communicarent
733 3279 886 3362 pacifice,
902 3285 938 3342 et
954 3279 990 3341 in
1007 3298 1134 3361 oppor-

178 3379 387 3443 tunitatibus
403 3398 441 3442 se
458 3379 586 3442 mutuis
601 3379 740 3442 auxiliis
763 3378 1016 3462 praevenirent3
1040 3379 1133 3461 quod

179 3478 405 3542 libentissime
421 3497 468 3542 ex
484 3486 583 3561 parte
606 3485 726 3543 nostra
741 3478 814 3542 fieri
833 3478 1009 3556 faciemus,
1025 3478 1055 3541 si
1069 3496 1132 3543 vo·

179 3579 233 3642 bis
249 3577 360 3642 sacere
375 3579 545 3661 placuerit
555 3578 640 3641 illu'd
657 3577 763 3656 idcm;
783 3597 889 3660 supra
903 3598 972 3661 quo
982 3586 1131 3643 vestram

179 3677 340 3742 festinam
357 3685 393 3742 et
408 3678 590 3742 amabilem
602 3678 702 3742 nobis
721 3678 812 3743 mitti
830 3679 978 3760 petimus
990 3698 1131 3761 respon*

179 3797 308 3854 suram,
326 3784 361 3842 et
382 3777 564 3844 invenietis
582 3776 625 3841 ad
648 3776 726 3854 hoc,
741 3785 777 3842 et
802 3777 871 3841 alia
896 3785 1011 3843 vestra
1031 3779 1131 3851 bene-

178 3877 320 3960 placita,
338 3897 384 3941 ex
398 3879 513 3942 animo
531 3896 594 3940 uos
608 3883 761 3960 paratos

223 3976 329 4041 ‘Dat
341 3978 434 4059 apud
450 3977 572 4042 turrim
587 3975 758 4041 Londonii
773 3991 844 4038 x11.
855 3975 910 4038 die
925 3974 948 4038 J
951 3975 1024 4041 unii
1040 3994 1132 4040 anno

177 4077 277 4159 regni
308 4077 419 4141 nostri
450 4075 590 4158 Angliae
619 4075 885 4159 quintodecimo,
918 4074 1016 4156 regni
1043 4091 1132 4138 'vero

179 4176 289 4240 nostri
308 4176 466 4241 Franciae
483 4175 657 4241 secundo'

550 4326 557 4356 ¹
575 4328 689 4391 ‘Prius,’
703 4327 762 4376 MS.
