<?xml version="1.0" encoding="UTF-8"?>
<!DOCTYPE html PUBLIC "-//W3C//DTD XHTML 1.0 Transitional//EN"
    "http://www.w3.org/TR/xhtml1/DTD/xhtml1-transitional.dtd">
<html xmlns="http://www.w3.org/1999/xhtml" xml:lang="en" lang="en">
 <head>
  <title>
</title>
<meta http-equiv="Content-Type" content="text/html;charset=utf-8" />
  <meta name='ocr-system' content='tesseract 3.04.00' />
  <meta name='ocr-capabilities' content='ocr_page ocr_carea ocr_par ocr_line ocrx_word'/>
</head>
<body>
  <div class='ocr_page' id='page_1' title='image "adamimurimuthen00hoggoog_0130.png"; bbox 0 0 3134 5046; ppageno 0'>
   <div class='ocr_carea' id='block_1_1' title="bbox 294 1565 441 1807">
    <p class='ocr_par' dir='ltr' id='par_1_1' title="bbox 294 1565 441 1807">
     <span class='ocr_line' id='line_1_1' title="bbox 294 1565 402 1608; baseline -0.019 0"><span class='ocrx_word' id='word_1_1' title='bbox 294 1565 402 1608; x_wconf 76' lang='lat' dir='ltr'><strong>Edwards</strong></span> 
     </span>
     <span class='ocr_line' id='line_1_2' title="bbox 294 1617 441 1658; baseline -0.02 0"><span class='ocrx_word' id='word_1_2' title='bbox 294 1619 356 1658; x_wconf 74' lang='lat' dir='ltr'><strong>letter</strong></span> <span class='ocrx_word' id='word_1_3' title='bbox 364 1617 388 1656; x_wconf 82' lang='lat' dir='ltr'><strong>or</strong></span> <span class='ocrx_word' id='word_1_4' title='bbox 394 1617 441 1656; x_wconf 81' lang='lat' dir='ltr'><strong>defl-</strong></span> 
     </span>
     <span class='ocr_line' id='line_1_3' title="bbox 294 1667 433 1707; baseline -0.007 0"><span class='ocrx_word' id='word_1_5' title='bbox 294 1678 347 1707; x_wconf 78' lang='lat' dir='ltr'><strong>rnoe</strong></span> <span class='ocrx_word' id='word_1_6' title='bbox 361 1672 384 1706; x_wconf 90' lang='lat' dir='ltr'><strong>to</strong></span> <span class='ocrx_word' id='word_1_7' title='bbox 396 1667 433 1706; x_wconf 79' lang='lat' dir='ltr'><strong>the</strong></span> 
     </span>
     <span class='ocr_line' id='line_1_4' title="bbox 295 1716 386 1766; baseline -0.022 -9"><span class='ocrx_word' id='word_1_8' title='bbox 295 1719 348 1766; x_wconf 72' lang='lat' dir='ltr'><strong>king</strong></span> <span class='ocrx_word' id='word_1_9' title='bbox 361 1716 386 1755; x_wconf 82' lang='lat' dir='ltr'><strong>or</strong></span> 
     </span>
     <span class='ocr_line' id='line_1_5' title="bbox 296 1768 384 1807; baseline -0.011 0"><span class='ocrx_word' id='word_1_10' title='bbox 296 1768 384 1807; x_wconf 69' lang='lat' dir='ltr'><strong>hence.</strong></span> 
     </span>
    </p>
   </div>
   <div class='ocr_carea' id='block_1_2' title="bbox 451 488 1055 552">
    <p class='ocr_par' dir='ltr' id='par_1_2' title="bbox 451 488 1055 552">
     <span class='ocr_line' id='line_1_6' title="bbox 451 488 1055 552; baseline 0 -2"><span class='ocrx_word' id='word_1_11' title='bbox 451 488 515 552; x_wconf 82' lang='lat'><strong>104</strong></span> <span class='ocrx_word' id='word_1_12' title='bbox 787 505 820 551; x_wconf 75' lang='lat' dir='ltr'><strong>n.</strong></span> <span class='ocrx_word' id='word_1_13' title='bbox 840 505 1055 552; x_wconf 71' lang='lat' dir='ltr'><strong>murmure.</strong></span> 
     </span>
    </p>
   </div>
   <div class='ocr_carea' id='block_1_3' title="bbox 451 657 1430 3915">
    <p class='ocr_par' dir='ltr' id='par_1_3' title="bbox 451 657 1417 1140">
     <span class='ocr_line' id='line_1_7' title="bbox 451 657 1413 744; baseline -0.002 -20"><span class='ocrx_word' id='word_1_14' title='bbox 451 662 624 738; x_wconf 81' lang='lat' dir='ltr'><strong>fecissent,</strong></span> <span class='ocrx_word' id='word_1_15' title='bbox 663 668 698 725; x_wconf 88' lang='lat' dir='ltr'><strong>et</strong></span> <span class='ocrx_word' id='word_1_16' title='bbox 731 661 847 726; x_wconf 84' lang='lat' dir='ltr'><strong>villam</strong></span> <span class='ocrx_word' id='word_1_17' title='bbox 882 662 1065 744; x_wconf 77' lang='lat' dir='ltr'><strong>cepissent.</strong></span> <span class='ocrx_word' id='word_1_18' title='bbox 1135 658 1194 722; x_wconf 90' lang='lat' dir='ltr'><strong>llli</strong></span> <span class='ocrx_word' id='word_1_19' title='bbox 1227 677 1309 722; x_wconf 87' lang='lat' dir='ltr'><strong>vero</strong></span> <span class='ocrx_word' id='word_1_20' title='bbox 1344 657 1413 740; x_wconf 90' lang='lat' dir='ltr'><strong>qui</strong></span> 
     </span>
     <span class='ocr_line' id='line_1_8' title="bbox 452 758 1417 837; baseline -0.004 -13"><span class='ocrx_word' id='word_1_21' title='bbox 452 767 648 837; x_wconf 83' lang='lat' dir='ltr'><strong>evaserunt,</strong></span> <span class='ocrx_word' id='word_1_22' title='bbox 669 761 785 826; x_wconf 78' lang='lat' dir='ltr'><strong>villam</strong></span> <span class='ocrx_word' id='word_1_23' title='bbox 817 762 929 825; x_wconf 86' lang='lat' dir='ltr'><strong>sancti</strong></span> <span class='ocrx_word' id='word_1_24' title='bbox 958 758 1076 825; x_wconf 90' lang='lat' dir='ltr'><strong>Omeri</strong></span> <span class='ocrx_word' id='word_1_25' title='bbox 1099 758 1341 834; x_wconf 80' lang='lat' dir='ltr'><strong>intraverunt3</strong></span> <span class='ocrx_word' id='word_1_26' title='bbox 1375 764 1417 821; x_wconf 89' lang='lat' dir='ltr'><strong>et</strong></span> 
     </span>
     <span class='ocr_line' id='line_1_9' title="bbox 452 857 1416 924; baseline -0.003 -2"><span class='ocrx_word' id='word_1_27' title='bbox 452 860 504 923; x_wconf 88' lang='lat' dir='ltr'><strong>ita</strong></span> <span class='ocrx_word' id='word_1_28' title='bbox 527 859 675 923; x_wconf 88' lang='lat' dir='ltr'><strong>finaliter</strong></span> <span class='ocrx_word' id='word_1_29' title='bbox 695 860 840 924; x_wconf 83' lang='lat' dir='ltr'><strong>victoria</strong></span> <span class='ocrx_word' id='word_1_30' title='bbox 865 861 1030 924; x_wconf 82' lang='lat' dir='ltr'><strong>remansit</strong></span> <span class='ocrx_word' id='word_1_31' title='bbox 1054 878 1131 922; x_wconf 90' lang='lat' dir='ltr'><strong>cum</strong></span> <span class='ocrx_word' id='word_1_32' title='bbox 1153 857 1246 922; x_wconf 92' lang='lat' dir='ltr'><strong>dicto</strong></span> <span class='ocrx_word' id='word_1_33' title='bbox 1263 857 1416 921; x_wconf 90' lang='lat' dir='ltr'><strong>domino</strong></span> 
     </span>
     <span class='ocr_line' id='line_1_10' title="bbox 455 956 1417 1044; baseline -0.004 -21"><span class='ocrx_word' id='word_1_34' title='bbox 455 958 610 1023; x_wconf 86' lang='lat' dir='ltr'><strong>Roberto</strong></span> <span class='ocrx_word' id='word_1_35' title='bbox 639 967 675 1023; x_wconf 88' lang='lat' dir='ltr'><strong>et</strong></span> <span class='ocrx_word' id='word_1_36' title='bbox 699 959 783 1037; x_wconf 78' lang='lat' dir='ltr'><strong>soie,</strong></span> <span class='ocrx_word' id='word_1_37' title='bbox 809 979 871 1041; x_wconf 89' lang='lat' dir='ltr'><strong>per</strong></span> <span class='ocrx_word' id='word_1_38' title='bbox 895 959 1106 1044; x_wconf 85' lang='lat' dir='ltr'><strong>adjutorium</strong></span> <span class='ocrx_word' id='word_1_39' title='bbox 1132 958 1204 1021; x_wconf 84' lang='lat' dir='ltr'><strong>Dnr</strong></span> <span class='ocrx_word' id='word_1_40' title='bbox 1233 963 1268 1020; x_wconf 91' lang='lat' dir='ltr'><strong>et</strong></span> <span class='ocrx_word' id='word_1_41' title='bbox 1295 956 1417 1020; x_wconf 88' lang='lat' dir='ltr'><strong>auda·</strong></span> 
     </span>
     <span class='ocr_line' id='line_1_11' title="bbox 454 1055 799 1140; baseline -0.003 -18"><span class='ocrx_word' id='word_1_42' title='bbox 454 1058 543 1122; x_wconf 85' lang='lat' dir='ltr'><strong>ciam</strong></span> <span class='ocrx_word' id='word_1_43' title='bbox 561 1055 799 1140; x_wconf 84' lang='lat' dir='ltr'><strong>Anglicorum.</strong></span> 
     </span>
    </p>

    <p class='ocr_par' dir='ltr' id='par_1_4' title="bbox 454 1154 1417 1536">
     <span class='ocr_line' id='line_1_12' title="bbox 505 1154 1417 1232; baseline -0.003 -11"><span class='ocrx_word' id='word_1_44' title='bbox 505 1157 586 1222; x_wconf 84' lang='lat' dir='ltr'><strong>Rex</strong></span> <span class='ocrx_word' id='word_1_45' title='bbox 612 1166 727 1221; x_wconf 85' lang='lat' dir='ltr'><strong>autem</strong></span> <span class='ocrx_word' id='word_1_46' title='bbox 754 1155 956 1232; x_wconf 86' lang='lat' dir='ltr'><strong>Edwardus,</strong></span> <span class='ocrx_word' id='word_1_47' title='bbox 978 1156 1131 1220; x_wconf 83' lang='lat' dir='ltr'><strong>existens</strong></span> <span class='ocrx_word' id='word_1_48' title='bbox 1157 1155 1193 1220; x_wconf 92' lang='lat' dir='ltr'><strong>in</strong></span> <span class='ocrx_word' id='word_1_49' title='bbox 1227 1154 1417 1218; x_wconf 88' lang='lat' dir='ltr'><strong>obsidione</strong></span> 
     </span>
     <span class='ocr_line' id='line_1_13' title="bbox 454 1255 1417 1336; baseline -0.002 -18"><span class='ocrx_word' id='word_1_50' title='bbox 454 1256 607 1320; x_wconf 88' lang='lat' dir='ltr'><strong>civitatis</strong></span> <span class='ocrx_word' id='word_1_51' title='bbox 623 1256 855 1320; x_wconf 84' lang='lat' dir='ltr'><strong>Tornacensis</strong></span> <span class='ocrx_word' id='word_1_52' title='bbox 870 1274 948 1318; x_wconf 88' lang='lat' dir='ltr'><strong>cum</strong></span> <span class='ocrx_word' id='word_1_53' title='bbox 969 1274 1097 1336; x_wconf 83' lang='lat' dir='ltr'><strong>magno</strong></span> <span class='ocrx_word' id='word_1_54' title='bbox 1114 1255 1280 1330; x_wconf 85' lang='lat' dir='ltr'><strong>exercitu,</strong></span> <span class='ocrx_word' id='word_1_55' title='bbox 1297 1255 1417 1336; x_wconf 91' lang='lat' dir='ltr'><strong>scrip-</strong></span> 
     </span>
     <span class='ocr_line' id='line_1_14' title="bbox 455 1352 1416 1437; baseline 0 -21"><span class='ocrx_word' id='word_1_56' title='bbox 455 1355 502 1417; x_wconf 84' lang='lat' dir='ltr'><strong>sit</strong></span> <span class='ocrx_word' id='word_1_57' title='bbox 536 1354 699 1437; x_wconf 90' lang='lat' dir='ltr'><strong>Philippo</strong></span> <span class='ocrx_word' id='word_1_58' title='bbox 735 1355 777 1419; x_wconf 89' lang='lat' dir='ltr'><strong>de</strong></span> <span class='ocrx_word' id='word_1_59' title='bbox 807 1354 954 1435; x_wconf 81' lang='lat' dir='ltr'><strong>Valoys,</strong></span> <span class='ocrx_word' id='word_1_60' title='bbox 988 1355 1048 1436; x_wconf 90' lang='lat' dir='ltr'><strong>qui</strong></span> <span class='ocrx_word' id='word_1_61' title='bbox 1086 1373 1124 1417; x_wconf 88' lang='lat' dir='ltr'><strong>se</strong></span> <span class='ocrx_word' id='word_1_62' title='bbox 1160 1352 1251 1417; x_wconf 82' lang='lat' dir='ltr'><strong>dixit</strong></span> <span class='ocrx_word' id='word_1_63' title='bbox 1287 1373 1416 1434; x_wconf 80' lang='lat' dir='ltr'><strong>regem</strong></span> 
     </span>
     <span class='ocr_line' id='line_1_15' title="bbox 458 1452 1342 1536; baseline 0 -20"><span class='ocrx_word' id='word_1_64' title='bbox 458 1453 626 1532; x_wconf 86' lang='lat' dir='ltr'><strong>Franciae,</strong></span> <span class='ocrx_word' id='word_1_65' title='bbox 643 1454 823 1536; x_wconf 89' lang='lat' dir='ltr'><strong>epistolam</strong></span> <span class='ocrx_word' id='word_1_66' title='bbox 843 1452 1014 1517; x_wconf 78' lang='lat' dir='ltr'><strong>Gallicam</strong></span> <span class='ocrx_word' id='word_1_67' title='bbox 1031 1453 1121 1516; x_wconf 84' lang='lat' dir='ltr'><strong>infra</strong></span> <span class='ocrx_word' id='word_1_68' title='bbox 1137 1453 1301 1535; x_wconf 88' lang='lat' dir='ltr'><strong>scriptam</strong></span> <span class='ocrx_word' id='word_1_69' title='bbox 1313 1453 1342 1532; x_wconf 76' lang='lat' dir='ltr'><strong>z]</strong></span> 
     </span>
    </p>

    <p class='ocr_par' dir='ltr' id='par_1_5' title="bbox 458 1551 1418 2130">
     <span class='ocr_line' id='line_1_16' title="bbox 508 1551 1417 1635; baseline 0 -21"><span class='ocrx_word' id='word_1_70' title='bbox 508 1551 648 1635; x_wconf 89' lang='lat' dir='ltr'><strong>‘Philip</strong></span> <span class='ocrx_word' id='word_1_71' title='bbox 665 1553 708 1616; x_wconf 87' lang='lat' dir='ltr'><strong>dc</strong></span> <span class='ocrx_word' id='word_1_72' title='bbox 721 1553 867 1635; x_wconf 85' lang='lat' dir='ltr'><strong>Valoys,</strong></span> <span class='ocrx_word' id='word_1_73' title='bbox 878 1572 942 1635; x_wconf 89' lang='lat' dir='ltr'><strong>par</strong></span> <span class='ocrx_word' id='word_1_74' title='bbox 958 1553 1042 1633; x_wconf 85' lang='lat' dir='ltr'><strong>long</strong></span> <span class='ocrx_word' id='word_1_75' title='bbox 1065 1559 1176 1634; x_wconf 89' lang='lat' dir='ltr'><strong>temps</strong></span> <span class='ocrx_word' id='word_1_76' title='bbox 1192 1571 1312 1616; x_wconf 87' lang='lat' dir='ltr'><strong>avoms</strong></span> <span class='ocrx_word' id='word_1_77' title='bbox 1327 1571 1417 1633; x_wconf 89' lang='lat' dir='ltr'><strong>pur·</strong></span> 
     </span>
     <span class='ocr_line' id='line_1_17' title="bbox 458 1651 1417 1734; baseline 0 -20"><span class='ocrx_word' id='word_1_78' title='bbox 458 1651 512 1714; x_wconf 93' lang='lat' dir='ltr'><strong>sui</strong></span> <span class='ocrx_word' id='word_1_79' title='bbox 543 1671 606 1734; x_wconf 90' lang='lat' dir='ltr'><strong>par</strong></span> <span class='ocrx_word' id='word_1_80' title='bbox 636 1652 758 1716; x_wconf 82' lang='lat' dir='ltr'><strong>devers</strong></span> <span class='ocrx_word' id='word_1_81' title='bbox 792 1672 877 1717; x_wconf 85' lang='lat' dir='ltr'><strong>vous</strong></span> <span class='ocrx_word' id='word_1_82' title='bbox 907 1671 971 1734; x_wconf 86' lang='lat' dir='ltr'><strong>par</strong></span> <span class='ocrx_word' id='word_1_83' title='bbox 1000 1671 1187 1732; x_wconf 83' lang='lat' dir='ltr'><strong>messages,</strong></span> <span class='ocrx_word' id='word_1_84' title='bbox 1219 1663 1255 1714; x_wconf 87' lang='lat' dir='ltr'><strong>et</strong></span> <span class='ocrx_word' id='word_1_85' title='bbox 1290 1658 1417 1715; x_wconf 91' lang='lat' dir='ltr'><strong>toutes</strong></span> 
     </span>
     <span class='ocr_line' id='line_1_18' title="bbox 458 1749 1417 1833; baseline -0.002 -19"><span class='ocrx_word' id='word_1_86' title='bbox 458 1757 575 1814; x_wconf 87' lang='lat' dir='ltr'><strong>autres</strong></span> <span class='ocrx_word' id='word_1_87' title='bbox 602 1751 697 1814; x_wconf 90' lang='lat' dir='ltr'><strong>voies</strong></span> <span class='ocrx_word' id='word_1_88' title='bbox 720 1771 789 1833; x_wconf 89' lang='lat' dir='ltr'><strong>que</strong></span> <span class='ocrx_word' id='word_1_89' title='bbox 816 1770 904 1815; x_wconf 90' lang='lat' dir='ltr'><strong>nous</strong></span> <span class='ocrx_word' id='word_1_90' title='bbox 921 1751 1062 1814; x_wconf 87' lang='lat' dir='ltr'><strong>savions</strong></span> <span class='ocrx_word' id='word_1_91' title='bbox 1083 1751 1292 1826; x_wconf 76' lang='lat' dir='ltr'><strong>resonables,</strong></span> <span class='ocrx_word' id='word_1_92' title='bbox 1315 1769 1338 1812; x_wconf 90' lang='lat' dir='ltr'><strong>a</strong></span> <span class='ocrx_word' id='word_1_93' title='bbox 1365 1749 1417 1812; x_wconf 89' lang='lat' dir='ltr'><strong>fin</strong></span> 
     </span>
     <span class='ocr_line' id='line_1_19' title="bbox 459 1848 1418 1932; baseline 0.002 -20"><span class='ocrx_word' id='word_1_94' title='bbox 459 1870 526 1932; x_wconf 90' lang='lat' dir='ltr'><strong>que</strong></span> <span class='ocrx_word' id='word_1_95' title='bbox 545 1869 631 1914; x_wconf 88' lang='lat' dir='ltr'><strong>vous</strong></span> <span class='ocrx_word' id='word_1_96' title='bbox 649 1869 735 1914; x_wconf 87' lang='lat' dir='ltr'><strong>nous</strong></span> <span class='ocrx_word' id='word_1_97' title='bbox 753 1848 947 1914; x_wconf 87' lang='lat' dir='ltr'><strong>¹vousittez</strong></span> <span class='ocrx_word' id='word_1_98' title='bbox 965 1850 1063 1914; x_wconf 86' lang='lat' dir='ltr'><strong>avoir</strong></span> <span class='ocrx_word' id='word_1_99' title='bbox 1080 1850 1187 1914; x_wconf 87' lang='lat' dir='ltr'><strong>rendu</strong></span> <span class='ocrx_word' id='word_1_100' title='bbox 1204 1856 1302 1913; x_wconf 88' lang='lat' dir='ltr'><strong>notre</strong></span> <span class='ocrx_word' id='word_1_101' title='bbox 1316 1849 1418 1914; x_wconf 89' lang='lat' dir='ltr'><strong>droit</strong></span> 
     </span>
     <span class='ocr_line' id='line_1_20' title="bbox 460 1949 1418 2032; baseline 0.003 -20"><span class='ocrx_word' id='word_1_102' title='bbox 460 1949 616 2031; x_wconf 80' lang='lat' dir='ltr'><strong>heritage</strong></span> <span class='ocrx_word' id='word_1_103' title='bbox 645 1949 687 2013; x_wconf 90' lang='lat' dir='ltr'><strong>de</strong></span> <span class='ocrx_word' id='word_1_104' title='bbox 714 1949 882 2027; x_wconf 85' lang='lat' dir='ltr'><strong>Fraunce,</strong></span> <span class='ocrx_word' id='word_1_105' title='bbox 909 1949 1065 2032; x_wconf 79' lang='lat' dir='ltr'><strong>loquele</strong></span> <span class='ocrx_word' id='word_1_106' title='bbox 1092 1968 1178 2013; x_wconf 90' lang='lat' dir='ltr'><strong>vous</strong></span> <span class='ocrx_word' id='word_1_107' title='bbox 1206 1967 1293 2013; x_wconf 88' lang='lat' dir='ltr'><strong>nous</strong></span> <span class='ocrx_word' id='word_1_108' title='bbox 1323 1968 1418 2015; x_wconf 82' lang='lat' dir='ltr'><strong>avez</strong></span> 
     </span>
     <span class='ocr_line' id='line_1_21' title="bbox 459 2048 1303 2130; baseline 0.001 -19"><span class='ocrx_word' id='word_1_109' title='bbox 459 2049 543 2130; x_wconf 79' lang='lat' dir='ltr'><strong>long</strong></span> <span class='ocrx_word' id='word_1_110' title='bbox 560 2056 672 2130; x_wconf 88' lang='lat' dir='ltr'><strong>temps</strong></span> <span class='ocrx_word' id='word_1_111' title='bbox 687 2048 825 2126; x_wconf 87' lang='lat' dir='ltr'><strong>detenu,</strong></span> <span class='ocrx_word' id='word_1_112' title='bbox 844 2056 879 2112; x_wconf 89' lang='lat' dir='ltr'><strong>et</strong></span> <span class='ocrx_word' id='word_1_113' title='bbox 896 2066 918 2112; x_wconf 83' lang='lat' dir='ltr'><strong>a</strong></span> <span class='ocrx_word' id='word_1_114' title='bbox 933 2057 1060 2129; x_wconf 85' lang='lat' dir='ltr'><strong>graunt</strong></span> <span class='ocrx_word' id='word_1_115' title='bbox 1076 2056 1145 2112; x_wconf 88' lang='lat' dir='ltr'><strong>tort</strong></span> <span class='ocrx_word' id='word_1_116' title='bbox 1162 2067 1303 2130; x_wconf 77' lang='lat' dir='ltr'><strong>occupa.</strong></span> 
     </span>
    </p>

    <p class='ocr_par' dir='ltr' id='par_1_6' title="bbox 462 2146 1425 3205">
     <span class='ocr_line' id='line_1_22' title="bbox 511 2146 1419 2230; baseline 0 -18"><span class='ocrx_word' id='word_1_117' title='bbox 511 2146 585 2212; x_wconf 91' lang='lat' dir='ltr'><strong>‘Et</strong></span> <span class='ocrx_word' id='word_1_118' title='bbox 612 2167 678 2230; x_wconf 88' lang='lat' dir='ltr'><strong>pur</strong></span> <span class='ocrx_word' id='word_1_119' title='bbox 707 2167 768 2212; x_wconf 90' lang='lat' dir='ltr'><strong>ceo</strong></span> <span class='ocrx_word' id='word_1_120' title='bbox 796 2167 862 2230; x_wconf 87' lang='lat' dir='ltr'><strong>quo</strong></span> <span class='ocrx_word' id='word_1_121' title='bbox 887 2167 951 2211; x_wconf 91' lang='lat' dir='ltr'><strong>nos</strong></span> <span class='ocrx_word' id='word_1_122' title='bbox 975 2167 1092 2212; x_wconf 86' lang='lat' dir='ltr'><strong>veoms</strong></span> <span class='ocrx_word' id='word_1_123' title='bbox 1122 2148 1202 2211; x_wconf 87' lang='lat' dir='ltr'><strong>bien</strong></span> <span class='ocrx_word' id='word_1_124' title='bbox 1229 2166 1295 2230; x_wconf 90' lang='lat' dir='ltr'><strong>que</strong></span> <span class='ocrx_word' id='word_1_125' title='bbox 1322 2167 1419 2212; x_wconf 83' lang='lat' dir='ltr'><strong>vous</strong></span> 
     </span>
     <span class='ocr_line' id='line_1_23' title="bbox 462 2246 1419 2329; baseline 0.002 -20"><span class='ocrx_word' id='word_1_126' title='bbox 462 2253 553 2310; x_wconf 82' lang='lat' dir='ltr'><strong>estes</strong></span> <span class='ocrx_word' id='word_1_127' title='bbox 577 2266 620 2310; x_wconf 87' lang='lat' dir='ltr'><strong>en</strong></span> <span class='ocrx_word' id='word_1_128' title='bbox 645 2254 783 2313; x_wconf 87' lang='lat' dir='ltr'><strong>entente</strong></span> <span class='ocrx_word' id='word_1_129' title='bbox 805 2247 848 2311; x_wconf 88' lang='lat' dir='ltr'><strong>dc</strong></span> <span class='ocrx_word' id='word_1_130' title='bbox 869 2266 1068 2329; x_wconf 74' lang='lat' dir='ltr'><strong>perseveret</strong></span> <span class='ocrx_word' id='word_1_131' title='bbox 1088 2266 1130 2310; x_wconf 90' lang='lat' dir='ltr'><strong>en</strong></span> <span class='ocrx_word' id='word_1_132' title='bbox 1148 2254 1265 2312; x_wconf 85' lang='lat' dir='ltr'><strong>vostre</strong></span> <span class='ocrx_word' id='word_1_133' title='bbox 1286 2246 1419 2329; x_wconf 86' lang='lat' dir='ltr'><strong>injuri-</strong></span> 
     </span>
     <span class='ocr_line' id='line_1_24' title="bbox 463 2345 1419 2424; baseline 0.004 -17"><span class='ocrx_word' id='word_1_134' title='bbox 463 2364 547 2408; x_wconf 89' lang='lat' dir='ltr'><strong>ouse</strong></span> <span class='ocrx_word' id='word_1_135' title='bbox 574 2345 712 2424; x_wconf 90' lang='lat' dir='ltr'><strong>detenu,</strong></span> <span class='ocrx_word' id='word_1_136' title='bbox 738 2366 819 2410; x_wconf 90' lang='lat' dir='ltr'><strong>sans</strong></span> <span class='ocrx_word' id='word_1_137' title='bbox 849 2365 937 2410; x_wconf 87' lang='lat' dir='ltr'><strong>nous</strong></span> <span class='ocrx_word' id='word_1_138' title='bbox 969 2346 1054 2412; x_wconf 84' lang='lat' dir='ltr'><strong>faire</strong></span> <span class='ocrx_word' id='word_1_139' title='bbox 1084 2365 1210 2410; x_wconf 89' lang='lat' dir='ltr'><strong>resoun</strong></span> <span class='ocrx_word' id='word_1_140' title='bbox 1239 2345 1282 2409; x_wconf 92' lang='lat' dir='ltr'><strong>de</strong></span> <span class='ocrx_word' id='word_1_141' title='bbox 1312 2355 1419 2411; x_wconf 90' lang='lat' dir='ltr'><strong>notre</strong></span> 
     </span>
     <span class='ocr_line' id='line_1_25' title="bbox 463 2444 1421 2523; baseline 0.003 -16"><span class='ocrx_word' id='word_1_142' title='bbox 463 2444 666 2523; x_wconf 89' lang='lat' dir='ltr'><strong>demaunde,</strong></span> <span class='ocrx_word' id='word_1_143' title='bbox 702 2465 818 2510; x_wconf 87' lang='lat' dir='ltr'><strong>sumes</strong></span> <span class='ocrx_word' id='word_1_144' title='bbox 845 2464 941 2509; x_wconf 88' lang='lat' dir='ltr'><strong>nous</strong></span> <span class='ocrx_word' id='word_1_145' title='bbox 970 2453 1086 2510; x_wconf 84' lang='lat' dir='ltr'><strong>entrez</strong></span> <span class='ocrx_word' id='word_1_146' title='bbox 1114 2465 1157 2510; x_wconf 92' lang='lat' dir='ltr'><strong>en</strong></span> <span class='ocrx_word' id='word_1_147' title='bbox 1184 2445 1218 2511; x_wconf 81' lang='lat' dir='ltr'><strong>lo</strong></span> <span class='ocrx_word' id='word_1_148' title='bbox 1251 2452 1342 2510; x_wconf 88' lang='lat' dir='ltr'><strong>terre</strong></span> <span class='ocrx_word' id='word_1_149' title='bbox 1374 2445 1421 2510; x_wconf 91' lang='lat' dir='ltr'><strong>de</strong></span> 
     </span>
     <span class='ocr_line' id='line_1_26' title="bbox 466 2543 1422 2627; baseline 0.005 -22"><span class='ocrx_word' id='word_1_150' title='bbox 466 2543 657 2608; x_wconf 85' lang='lat' dir='ltr'><strong>Flaundres</strong></span> <span class='ocrx_word' id='word_1_151' title='bbox 700 2565 797 2608; x_wconf 93' lang='lat' dir='ltr'><strong>come</strong></span> <span class='ocrx_word' id='word_1_152' title='bbox 829 2545 988 2627; x_wconf 85' lang='lat' dir='ltr'><strong>seigneur</strong></span> <span class='ocrx_word' id='word_1_153' title='bbox 1017 2545 1176 2609; x_wconf 84' lang='lat' dir='ltr'><strong>soverain</strong></span> <span class='ocrx_word' id='word_1_154' title='bbox 1203 2544 1350 2626; x_wconf 88' lang='lat' dir='ltr'><strong>dycelle,</strong></span> <span class='ocrx_word' id='word_1_155' title='bbox 1382 2555 1422 2610; x_wconf 89' lang='lat' dir='ltr'><strong>et</strong></span> 
     </span>
     <span class='ocr_line' id='line_1_27' title="bbox 464 2644 1423 2726; baseline 0.005 -22"><span class='ocrx_word' id='word_1_156' title='bbox 464 2661 585 2725; x_wconf 83' lang='lat' dir='ltr'><strong>passez</strong></span> <span class='ocrx_word' id='word_1_157' title='bbox 613 2662 735 2726; x_wconf 85' lang='lat' dir='ltr'><strong>pnrmy</strong></span> <span class='ocrx_word' id='word_1_158' title='bbox 757 2644 790 2708; x_wconf 90' lang='lat' dir='ltr'><strong>le</strong></span> <span class='ocrx_word' id='word_1_159' title='bbox 817 2663 925 2726; x_wconf 78' lang='lat' dir='ltr'><strong>pays3</strong></span> <span class='ocrx_word' id='word_1_160' title='bbox 954 2652 990 2708; x_wconf 86' lang='lat' dir='ltr'><strong>et</strong></span> <span class='ocrx_word' id='word_1_161' title='bbox 1008 2663 1092 2708; x_wconf 84' lang='lat' dir='ltr'><strong>vous</strong></span> <span class='ocrx_word' id='word_1_162' title='bbox 1122 2644 1312 2726; x_wconf 84' lang='lat' dir='ltr'><strong>signifioms</strong></span> <span class='ocrx_word' id='word_1_163' title='bbox 1347 2663 1423 2726; x_wconf 91' lang='lat' dir='ltr'><strong>que</strong></span> 
     </span>
     <span class='ocr_line' id='line_1_28' title="bbox 465 2738 1422 2825; baseline 0.003 -21"><span class='ocrx_word' id='word_1_164' title='bbox 465 2742 536 2823; x_wconf 91' lang='lat' dir='ltr'><strong>pris</strong></span> <span class='ocrx_word' id='word_1_165' title='bbox 552 2761 703 2825; x_wconf 87' lang='lat' dir='ltr'><strong>ovesque</strong></span> <span class='ocrx_word' id='word_1_166' title='bbox 724 2738 824 2807; x_wconf 86' lang='lat' dir='ltr'><strong>l&#39;aide</strong></span> <span class='ocrx_word' id='word_1_167' title='bbox 848 2752 948 2808; x_wconf 90' lang='lat' dir='ltr'><strong>notre</strong></span> <span class='ocrx_word' id='word_1_168' title='bbox 963 2742 1152 2808; x_wconf 77' lang='lat' dir='ltr'><strong>Smcnnun</strong></span> <span class='ocrx_word' id='word_1_169' title='bbox 1176 2742 1199 2806; x_wconf 89' lang='lat' dir='ltr'>J</span> <span class='ocrx_word' id='word_1_170' title='bbox 1203 2759 1270 2806; x_wconf 76' lang='lat' dir='ltr'><strong>ssu</strong></span> <span class='ocrx_word' id='word_1_171' title='bbox 1289 2741 1422 2820; x_wconf 77' lang='lat' dir='ltr'><strong>Clus&#39;r,</strong></span> 
     </span>
     <span class='ocr_line' id='line_1_29' title="bbox 467 2841 1423 2924; baseline 0.003 -20"><span class='ocrx_word' id='word_1_172' title='bbox 467 2848 502 2904; x_wconf 89' lang='lat' dir='ltr'><strong>et</strong></span> <span class='ocrx_word' id='word_1_173' title='bbox 524 2848 623 2904; x_wconf 88' lang='lat' dir='ltr'><strong>notre</strong></span> <span class='ocrx_word' id='word_1_174' title='bbox 640 2841 743 2920; x_wconf 92' lang='lat' dir='ltr'><strong>droit,</strong></span> <span class='ocrx_word' id='word_1_175' title='bbox 761 2861 913 2924; x_wconf 85' lang='lat' dir='ltr'><strong>ovesque</strong></span> <span class='ocrx_word' id='word_1_176' title='bbox 942 2842 975 2906; x_wconf 89' lang='lat' dir='ltr'><strong>le</strong></span> <span class='ocrx_word' id='word_1_177' title='bbox 998 2861 1106 2924; x_wconf 87' lang='lat' dir='ltr'><strong>poeur</strong></span> <span class='ocrx_word' id='word_1_178' title='bbox 1127 2842 1161 2906; x_wconf 91' lang='lat' dir='ltr'><strong>le</strong></span> <span class='ocrx_word' id='word_1_179' title='bbox 1185 2842 1237 2906; x_wconf 93' lang='lat' dir='ltr'><strong>dit</strong></span> <span class='ocrx_word' id='word_1_180' title='bbox 1259 2861 1362 2924; x_wconf 85' lang='lat' dir='ltr'><strong>pays,</strong></span> <span class='ocrx_word' id='word_1_181' title='bbox 1384 2851 1423 2907; x_wconf 91' lang='lat' dir='ltr'><strong>et</strong></span> 
     </span>
     <span class='ocr_line' id='line_1_30' title="bbox 466 2940 1425 3024; baseline 0.004 -21"><span class='ocrx_word' id='word_1_182' title='bbox 466 2960 618 3022; x_wconf 88' lang='lat' dir='ltr'><strong>ovesque</strong></span> <span class='ocrx_word' id='word_1_183' title='bbox 645 2961 708 3004; x_wconf 86' lang='lat' dir='ltr'><strong>nos</strong></span> <span class='ocrx_word' id='word_1_184' title='bbox 740 2948 843 3022; x_wconf 81' lang='lat' dir='ltr'><strong>gentz</strong></span> <span class='ocrx_word' id='word_1_185' title='bbox 868 2947 904 3005; x_wconf 88' lang='lat' dir='ltr'><strong>et</strong></span> <span class='ocrx_word' id='word_1_186' title='bbox 931 2941 1029 3004; x_wconf 87' lang='lat' dir='ltr'><strong>allies</strong></span> <span class='ocrx_word' id='word_1_187' title='bbox 1053 2942 1238 3024; x_wconf 81' lang='lat' dir='ltr'><strong>regordant</strong></span> <span class='ocrx_word' id='word_1_188' title='bbox 1267 2941 1299 3008; x_wconf 87' lang='lat' dir='ltr'><strong>le</strong></span> <span class='ocrx_word' id='word_1_189' title='bbox 1325 2940 1425 3007; x_wconf 90' lang='lat' dir='ltr'><strong>droit</strong></span> 
     </span>
     <span class='ocr_line' id='line_1_31' title="bbox 468 3039 1424 3123; baseline 0.005 -22"><span class='ocrx_word' id='word_1_190' title='bbox 468 3058 535 3121; x_wconf 91' lang='lat' dir='ltr'><strong>que</strong></span> <span class='ocrx_word' id='word_1_191' title='bbox 560 3059 647 3102; x_wconf 89' lang='lat' dir='ltr'><strong>nous</strong></span> <span class='ocrx_word' id='word_1_192' title='bbox 677 3059 798 3104; x_wconf 73' lang='lat' dir='ltr'><strong>avonis</strong></span> <span class='ocrx_word' id='word_1_193' title='bbox 825 3058 847 3103; x_wconf 89' lang='lat' dir='ltr'><strong>a</strong></span> <span class='ocrx_word' id='word_1_194' title='bbox 876 3039 911 3103; x_wconf 86' lang='lat' dir='ltr'><strong>la</strong></span> <span class='ocrx_word' id='word_1_195' title='bbox 935 3039 1103 3122; x_wconf 82' lang='lat' dir='ltr'><strong>heritage,</strong></span> <span class='ocrx_word' id='word_1_196' title='bbox 1124 3059 1190 3123; x_wconf 90' lang='lat' dir='ltr'><strong>que</strong></span> <span class='ocrx_word' id='word_1_197' title='bbox 1215 3060 1301 3105; x_wconf 89' lang='lat' dir='ltr'><strong>vous</strong></span> <span class='ocrx_word' id='word_1_198' title='bbox 1329 3060 1424 3106; x_wconf 90' lang='lat' dir='ltr'><strong>nous</strong></span> 
     </span>
     <span class='ocr_line' id='line_1_32' title="bbox 467 3137 878 3205; baseline -0.007 -3"><span class='ocrx_word' id='word_1_199' title='bbox 467 3139 611 3202; x_wconf 78' lang='lat' dir='ltr'><strong>detensa</strong></span> <span class='ocrx_word' id='word_1_200' title='bbox 624 3159 645 3205; x_wconf 85' lang='lat' dir='ltr'><strong>a</strong></span> <span class='ocrx_word' id='word_1_201' title='bbox 661 3137 784 3202; x_wconf 80' lang='lat' dir='ltr'><strong>²notre</strong></span> <span class='ocrx_word' id='word_1_202' title='bbox 798 3145 878 3204; x_wconf 91' lang='lat' dir='ltr'><strong>tort.</strong></span> 
     </span>
    </p>

    <p class='ocr_par' dir='ltr' id='par_1_7' title="bbox 469 3236 1430 3915">
     <span class='ocr_line' id='line_1_33' title="bbox 519 3236 1425 3319; baseline 0.001 -17"><span class='ocrx_word' id='word_1_203' title='bbox 519 3238 650 3302; x_wconf 90' lang='lat' dir='ltr'><strong>‘Nous</strong></span> <span class='ocrx_word' id='word_1_204' title='bbox 677 3258 765 3302; x_wconf 93' lang='lat' dir='ltr'><strong>nous</strong></span> <span class='ocrx_word' id='word_1_205' title='bbox 791 3236 945 3302; x_wconf 85' lang='lat' dir='ltr'><strong>³troi0ns</strong></span> <span class='ocrx_word' id='word_1_206' title='bbox 965 3257 1043 3301; x_wconf 85' lang='lat' dir='ltr'><strong>vers</strong></span> <span class='ocrx_word' id='word_1_207' title='bbox 1061 3256 1123 3302; x_wconf 83' lang='lat' dir='ltr'><strong>vos</strong></span> <span class='ocrx_word' id='word_1_208' title='bbox 1140 3257 1207 3319; x_wconf 92' lang='lat' dir='ltr'><strong>pnr</strong></span> <span class='ocrx_word' id='word_1_209' title='bbox 1221 3245 1345 3302; x_wconf 86' lang='lat' dir='ltr'><strong>metter</strong></span> <span class='ocrx_word' id='word_1_210' title='bbox 1373 3239 1425 3303; x_wconf 92' lang='lat' dir='ltr'><strong>fin</strong></span> 
     </span>
     <span class='ocr_line' id='line_1_34' title="bbox 470 3336 1423 3418; baseline 0.003 -19"><span class='ocrx_word' id='word_1_211' title='bbox 470 3355 530 3399; x_wconf 85' lang='lat' dir='ltr'><strong>sur</strong></span> <span class='ocrx_word' id='word_1_212' title='bbox 564 3344 682 3400; x_wconf 89' lang='lat' dir='ltr'><strong>nostre</strong></span> <span class='ocrx_word' id='word_1_213' title='bbox 714 3337 892 3401; x_wconf 89' lang='lat' dir='ltr'><strong>droituriel</strong></span> <span class='ocrx_word' id='word_1_214' title='bbox 923 3336 1102 3418; x_wconf 81' lang='lat' dir='ltr'><strong>chalenge,</strong></span> <span class='ocrx_word' id='word_1_215' title='bbox 1135 3338 1166 3399; x_wconf 87' lang='lat' dir='ltr'><strong>si</strong></span> <span class='ocrx_word' id='word_1_216' title='bbox 1200 3357 1285 3402; x_wconf 85' lang='lat' dir='ltr'><strong>vous</strong></span> <span class='ocrx_word' id='word_1_217' title='bbox 1319 3338 1423 3402; x_wconf 85' lang='lat' dir='ltr'><strong>volez</strong></span> 
     </span>
     <span class='ocr_line' id='line_1_35' title="bbox 469 3434 1426 3519; baseline 0.003 -21"><span class='ocrx_word' id='word_1_218' title='bbox 469 3434 671 3517; x_wconf 83' lang='lat' dir='ltr'><strong>approcher.</strong></span> <span class='ocrx_word' id='word_1_219' title='bbox 724 3434 769 3498; x_wconf 89' lang='lat' dir='ltr'><strong>Et</strong></span> <span class='ocrx_word' id='word_1_220' title='bbox 790 3456 856 3518; x_wconf 90' lang='lat' dir='ltr'><strong>pur</strong></span> <span class='ocrx_word' id='word_1_221' title='bbox 881 3455 943 3499; x_wconf 91' lang='lat' dir='ltr'><strong>ceo</strong></span> <span class='ocrx_word' id='word_1_222' title='bbox 971 3455 1038 3518; x_wconf 89' lang='lat' dir='ltr'><strong>que</strong></span> <span class='ocrx_word' id='word_1_223' title='bbox 1068 3436 1098 3499; x_wconf 90' lang='lat' dir='ltr'><strong>si</strong></span> <span class='ocrx_word' id='word_1_224' title='bbox 1120 3443 1224 3516; x_wconf 79' lang='lat' dir='ltr'><strong>grant</strong></span> <span class='ocrx_word' id='word_1_225' title='bbox 1248 3437 1350 3519; x_wconf 87' lang='lat' dir='ltr'><strong>ponir</strong></span> <span class='ocrx_word' id='word_1_226' title='bbox 1379 3437 1426 3502; x_wconf 89' lang='lat' dir='ltr'><strong>de</strong></span> 
     </span>
     <span class='ocr_line' id='line_1_36' title="bbox 472 3534 1426 3618; baseline 0.005 -23"><span class='ocrx_word' id='word_1_227' title='bbox 472 3540 575 3614; x_wconf 80' lang='lat' dir='ltr'><strong>gentz</strong></span> <span class='ocrx_word' id='word_1_228' title='bbox 601 3534 789 3600; x_wconf 85' lang='lat' dir='ltr'><strong>assemblez</strong></span> <span class='ocrx_word' id='word_1_229' title='bbox 812 3554 879 3618; x_wconf 87' lang='lat' dir='ltr'><strong>quo</strong></span> <span class='ocrx_word' id='word_1_230' title='bbox 896 3536 992 3599; x_wconf 90' lang='lat' dir='ltr'><strong>vient</strong></span> <span class='ocrx_word' id='word_1_231' title='bbox 1009 3535 1052 3598; x_wconf 95' lang='lat' dir='ltr'><strong>de</strong></span> <span class='ocrx_word' id='word_1_232' title='bbox 1069 3541 1168 3598; x_wconf 88' lang='lat' dir='ltr'><strong>notre</strong></span> <span class='ocrx_word' id='word_1_233' title='bbox 1193 3544 1283 3618; x_wconf 86' lang='lat' dir='ltr'><strong>part,</strong></span> <span class='ocrx_word' id='word_1_234' title='bbox 1301 3544 1426 3618; x_wconf 87' lang='lat' dir='ltr'><strong>etque</strong></span> 
     </span>
     <span class='ocr_line' id='line_1_37' title="bbox 472 3630 1428 3716; baseline 0.005 -22"><span class='ocrx_word' id='word_1_235' title='bbox 472 3631 569 3694; x_wconf 88' lang='lat' dir='ltr'><strong>hiens</strong></span> <span class='ocrx_word' id='word_1_236' title='bbox 600 3630 780 3713; x_wconf 85' lang='lat' dir='ltr'><strong>⁴guidoms</strong></span> <span class='ocrx_word' id='word_1_237' title='bbox 815 3653 882 3716; x_wconf 87' lang='lat' dir='ltr'><strong>quo</strong></span> <span class='ocrx_word' id='word_1_238' title='bbox 920 3653 1006 3698; x_wconf 85' lang='lat' dir='ltr'><strong>vous</strong></span> <span class='ocrx_word' id='word_1_239' title='bbox 1052 3640 1207 3697; x_wconf 84' lang='lat' dir='ltr'><strong>amonetz</strong></span> <span class='ocrx_word' id='word_1_240' title='bbox 1240 3635 1282 3697; x_wconf 94' lang='lat' dir='ltr'><strong>de</strong></span> <span class='ocrx_word' id='word_1_241' title='bbox 1322 3643 1428 3700; x_wconf 84' lang='lat' dir='ltr'><strong>votre</strong></span> 
     </span>
     <span class='ocr_line' id='line_1_38' title="bbox 473 3733 1428 3814; baseline 0.003 -20"><span class='ocrx_word' id='word_1_242' title='bbox 473 3739 563 3812; x_wconf 88' lang='lat' dir='ltr'><strong>part,</strong></span> <span class='ocrx_word' id='word_1_243' title='bbox 579 3751 621 3794; x_wconf 89' lang='lat' dir='ltr'><strong>no</strong></span> <span class='ocrx_word' id='word_1_244' title='bbox 646 3751 684 3794; x_wconf 88' lang='lat' dir='ltr'><strong>se</strong></span> <span class='ocrx_word' id='word_1_245' title='bbox 710 3742 852 3813; x_wconf 88' lang='lat' dir='ltr'><strong>purrent</strong></span> <span class='ocrx_word' id='word_1_246' title='bbox 875 3734 941 3797; x_wconf 90' lang='lat' dir='ltr'><strong>mie</strong></span> <span class='ocrx_word' id='word_1_247' title='bbox 963 3733 1161 3814; x_wconf 84' lang='lat' dir='ltr'><strong>longement</strong></span> <span class='ocrx_word' id='word_1_248' title='bbox 1179 3734 1267 3797; x_wconf 89' lang='lat' dir='ltr'><strong>tenir</strong></span> <span class='ocrx_word' id='word_1_249' title='bbox 1288 3753 1428 3797; x_wconf 87' lang='lat' dir='ltr'><strong>ensem·</strong></span> 
     </span>
     <span class='ocr_line' id='line_1_39' title="bbox 473 3830 1430 3915; baseline 0.005 -23"><span class='ocrx_word' id='word_1_250' title='bbox 473 3830 529 3892; x_wconf 88' lang='lat' dir='ltr'><strong>ble</strong></span> <span class='ocrx_word' id='word_1_251' title='bbox 555 3849 637 3893; x_wconf 86' lang='lat' dir='ltr'><strong>sanz</strong></span> <span class='ocrx_word' id='word_1_252' title='bbox 672 3831 757 3894; x_wconf 86' lang='lat' dir='ltr'><strong>l&#39;aire</strong></span> <span class='ocrx_word' id='word_1_253' title='bbox 788 3832 869 3912; x_wconf 78' lang='lat' dir='ltr'><strong>gres</strong></span> <span class='ocrx_word' id='word_1_254' title='bbox 896 3831 1133 3896; x_wconf 85' lang='lat' dir='ltr'><strong>destructioun</strong></span> <span class='ocrx_word' id='word_1_255' title='bbox 1161 3851 1206 3895; x_wconf 84' lang='lat' dir='ltr'><strong>au</strong></span> <span class='ocrx_word' id='word_1_256' title='bbox 1235 3832 1360 3915; x_wconf 90' lang='lat' dir='ltr'><strong>people</strong></span> <span class='ocrx_word' id='word_1_257' title='bbox 1392 3841 1430 3897; x_wconf 88' lang='lat' dir='ltr'><strong>et</strong></span> 
     </span>
    </p>
   </div>
   <div class='ocr_carea' id='block_1_4' title="bbox 511 4076 1432 4282">
    <p class='ocr_par' dir='ltr' id='par_1_8' title="bbox 511 4076 1432 4282">
     <span class='ocr_line' id='line_1_40' title="bbox 511 4076 1260 4144; baseline -0.003 -15"><span class='ocrx_word' id='word_1_258' title='bbox 511 4077 518 4107; x_wconf 95' lang='lat'>¹</span> <span class='ocrx_word' id='word_1_259' title='bbox 536 4081 697 4142; x_wconf 84' lang='lat' dir='ltr'><strong>‘vousissez,&#39;</strong></span> <span class='ocrx_word' id='word_1_260' title='bbox 710 4081 809 4144; x_wconf 82' lang='lat' dir='ltr'><strong>Rynrer.</strong></span> <span class='ocrx_word' id='word_1_261' title='bbox 995 4076 1005 4108; x_wconf 79' lang='lat'><strong>³</strong></span> <span class='ocrx_word' id='word_1_262' title='bbox 1022 4079 1149 4140; x_wconf 86' lang='lat' dir='ltr'><strong>‘treoms,’</strong></span> <span class='ocrx_word' id='word_1_263' title='bbox 1162 4079 1260 4142; x_wconf 78' lang='lat' dir='ltr'><strong>Rymer.</strong></span> 
     </span>
     <span class='ocr_line' id='line_1_41' title="bbox 995 4146 1432 4213; baseline 0.002 -16"><span class='ocrx_word' id='word_1_264' title='bbox 995 4146 1004 4174; x_wconf 92' lang='lat'><strong>⁴</strong></span> <span class='ocrx_word' id='word_1_265' title='bbox 1015 4148 1148 4209; x_wconf 83' lang='lat' dir='ltr'><strong>‘quidoms</strong></span> <span class='ocrx_word' id='word_1_266' title='bbox 1159 4163 1208 4208; x_wconf 89' lang='lat' dir='ltr'><strong>que</strong></span> <span class='ocrx_word' id='word_1_267' title='bbox 1219 4163 1282 4197; x_wconf 87' lang='lat' dir='ltr'><strong>vous</strong></span> <span class='ocrx_word' id='word_1_268' title='bbox 1294 4147 1432 4213; x_wconf 84' lang='lat' dir='ltr'><strong>avierrez,’</strong></span> 
     </span>
     <span class='ocr_line' id='line_1_42' title="bbox 512 4217 1059 4282; baseline 0.004 -16"><span class='ocrx_word' id='word_1_269' title='bbox 512 4217 521 4245; x_wconf 75' lang='lat'>²</span> <span class='ocrx_word' id='word_1_270' title='bbox 536 4220 650 4281; x_wconf 59' lang='lat' dir='ltr'><strong>‘vostre&#39;</strong></span> <span class='ocrx_word' id='word_1_271' title='bbox 663 4219 761 4282; x_wconf 73' lang='lat' dir='ltr'><strong>Rymer.</strong></span> <span class='ocrx_word' id='word_1_272' title='bbox 960 4218 1059 4282; x_wconf 74' lang='lat' dir='ltr'><strong>Ryncer.</strong></span> 
     </span>
    </p>
   </div>
   <div class='ocr_carea' id='block_1_5' title="bbox 0 0 1600 5046">
    <p class='ocr_par' dir='ltr' id='par_1_9' title="bbox 0 0 1600 5046">
     <span class='ocr_line' id='line_1_43' title="bbox 0 0 1600 5046; baseline 0 0"><span class='ocrx_word' id='word_1_273' title='bbox 0 0 1600 5046; x_wconf 95' lang='lat' dir='ltr'><strong> </strong></span> 
     </span>
    </p>
   </div>
  </div>
 </body>
</html>
