3134 5046
444 494 488 558 88
779 513 815 560 A.
835 513 1050 562 nunrnurn.

443 669 594 750 quinque
621 667 706 731 locis
732 666 885 750 ejusdem
903 666 1007 742 villae,
1034 666 1135 730 etad
1162 665 1281 747 galeas
1305 665 1390 728 redi-

442 777 552 830 erunt.

494 865 575 930 Hoc
609 885 701 929 anno
736 884 796 947 per
836 871 946 929 totam
976 864 1133 947 hyemem
1165 882 1226 926 rex
1255 861 1392 945 Angliae

442 965 680 1049 perendinavit
705 964 796 1047 apud
812 962 1001 1046 Andwerp,
1018 971 1053 1026 et
1074 964 1159 1027 locis
1176 962 1312 1039 vicinis,
1334 963 1392 1026 ubi

442 1065 563 1146 regina
578 1063 717 1146 Angliee
739 1064 874 1145 peperit
896 1063 961 1126 sibi
987 1062 1108 1140 filium,
1123 1081 1224 1145 quem
1239 1061 1393 1126 fecerunt

441 1164 559 1228 vocari
574 1162 757 1227 ¹Leonem.
825 1162 872 1226 Et
896 1182 957 1243 per
974 1168 1083 1226 totam
1110 1163 1212 1225 istam
1236 1160 1390 1244 hyemem

442 1264 720 1344 congregabatur
741 1262 823 1324 lana
849 1280 910 1343 per
938 1268 1048 1325 totum
1075 1280 1217 1346 regnum
1242 1259 1392 1341 Angliae,

442 1362 581 1425 domino
615 1361 689 1442 regi
716 1360 902 1424 mittenda:
941 1367 976 1423 et
1006 1367 1226 1441 congregatae
1256 1359 1392 1423 suerunt

442 1460 561 1524 multae
584 1479 703 1536 naves,
718 1459 807 1523 lanis
832 1468 979 1536 onustae,
999 1459 1093 1540 apud
1110 1459 1319 1541 Herewych,
1334 1459 1392 1522 ubi

442 1558 500 1622 diu
529 1566 711 1636 steterunt,
739 1565 882 1641 propter
898 1565 1040 1624 ventum
1065 1558 1275 1623 contrarium
1293 1577 1392 1639 quem

443 1658 630 1737 habebant3
655 1665 690 1722 et
704 1659 786 1740 quia
801 1658 919 1740 galeas
937 1657 1137 1734 timuerunt,
1152 1657 1269 1740 plures
1287 1676 1392 1721 naves

442 1764 679 1840 expectamnt,
695 1765 735 1822 ut
751 1765 893 1839 possent
910 1775 1029 1820 secure
1044 1758 1203 1821 transire.

493 1857 596 1934 Item,
613 1857 678 1921 hoc
698 1875 789 1920 anno
807 1876 868 1920 rex
886 1862 1004 1919 noster
1020 1857 1172 1938 suscepit
1188 1857 1389 1921 vicariatum

443 1957 585 2039 Imperii
607 1976 628 2020 a
650 1955 847 2037 Lodowyoo
875 1955 1036 2034 Bavaro;
1081 1975 1184 2038 super
1207 1975 1276 2039 quo
1300 1974 1391 2038 papa

442 2056 579 2138 scripsit
616 2056 690 2136 regi
717 2054 836 2118 literas
864 2055 1119 2136 redargutionis
1146 2062 1182 2119 et
1208 2052 1389 2119 ²exh0rta-

443 2154 557 2230 tionis,
573 2155 660 2218 satis
684 2154 770 2218 dure
795 2162 992 2236 conceptas,
1019 2153 1061 2216 de
1087 2154 1170 2217 data
1188 2154 1301 2218 idibus
1318 2153 1391 2218 No·

443 2253 604 2329 vembris,
628 2253 849 2335 pontificatus
886 2253 939 2317 sui
970 2272 1062 2316 anno
1093 2260 1230 2334 quarto.
1290 2254 1391 2330 Item,

443 2351 509 2416 hoc
543 2371 633 2416 anno
669 2351 705 2418 in
730 2351 865 2436 jejunio
893 2350 1053 2430 Quatuor
1071 2353 1281 2433 Temporum
1313 2361 1393 2416 ante

444 2450 586 2529 Natale‚
603 2470 695 2533 papa
710 2451 791 2515 fecit
808 2471 869 2515 sex
888 2451 1091 2530 cardinales,
1112 2452 1280 2528 videlicet,
1297 2452 1393 2533 quin·

443 2570 510 2632 que
526 2551 569 2614 de
584 2570 692 2632 regno
708 2551 879 2628 Franciae‚
896 2558 932 2615 et
949 2569 1053 2614 unum
1069 2550 1180 2614 solum
1197 2550 1240 2614 de
1250 2551 1367 2615 Italia.

278 2669 359 2758 ἕως
382 2719 402 2757 a
494 2649 596 2727 Item,
640 2648 705 2713 hoo
747 2668 837 2712 anno
873 2650 909 2713 in
945 2649 1066 2730 vigilia
1103 2648 1393 2714 Annunciationis

278 2729 411 2817 affinior
441 2755 610 2812 venerunt
634 2748 793 2813 undecim
816 2748 926 2830 galeae
949 2750 993 2813 ad
1011 2748 1219 2831 Herewych,
1237 2758 1272 2813 et
1292 2749 1393 2812 dede-

279 2819 386 2859 Hm¹⁰¹¹'
442 2855 525 2911 runt
561 2848 727 2912 insultum
758 2847 897 2924 ibidem,
931 2855 965 2911 et
996 2856 1187 2929 posuerunt
1214 2849 1328 2929 ignem
1359 2849 1393 2912 in

442 2948 553 3011 tribus
569 2947 671 3021 locis3
688 2948 748 3010 sed
767 2966 836 3010 non
849 2946 995 3010 multum
1011 2948 1242 3029 nocuitiguis,
1252 2955 1393 3030 propter

443 3053 584 3110 ventum
602 3047 662 3129 qui
686 3046 880 3110 contrarius
899 3045 968 3110 fuit
984 3047 1054 3124 cis;
1077 3037 1156 3133 ³[et
1181 3047 1295 3130 patria
1323 3048 1391 3111 cito

443 3147 656 3223 occurrebat,
674 3146 724 3209 eis
741 3145 886 3209 viriliter
905 3145 1108 3222 resistendo,
1125 3152 1161 3209 et
1177 3147 1227 3211 sic
1243 3165 1391 3210 recesse-

442 3252 524 3309 runt
539 3246 673 3309 modico
688 3245 814 3308 damno
827 3244 938 3324 dato]

281 3391 368 3439 Am,
495 3343 598 3420 Item,
615 3343 681 3407 hoc
707 3362 797 3407 anno
815 3363 837 3406 a
855 3343 1023 3426 principio
1037 3343 1199 3408 Octobris
1224 3346 1392 3427 usquead

279 3439 421 3540 ffliffi,
443 3441 649 3523 principium
665 3442 791 3504 mensis
807 3442 1021 3519 Decembris
1037 3442 1233 3507 ceciderunt
1249 3449 1302 3508 tot
1316 3444 1392 3526 plu·

443 3540 522 3615 via,
537 3559 615 3621 quae
637 3539 858 3604 reddiderunt
880 3549 1007 3606 terram
1028 3543 1128 3625 quasi
1151 3550 1259 3607 totam
1284 3562 1392 3626 aquo-

444 3657 530 3714 sam,
557 3639 648 3721 quod
681 3638 834 3720 Anglici,
865 3647 905 3704 ut
931 3640 1106 3719 deberent,
1132 3661 1201 3705 non
1230 3649 1393 3723 poterant

280 3755 412 3802 followedby
442 3738 622 3802 seminare.
689 3739 736 3802 Et
774 3758 796 3802 a
828 3738 995 3821 principio
1035 3741 1162 3803 mensis
1192 3740 1393 3806 Decembris

279 3817 306 3844 sn
313 3805 430 3845 extraordi-

278 3857 398 3906 neyrroo.
443 3837 538 3901 venit
564 3836 644 3920 gelu
674 3838 906 3916 durissimum,
924 3839 1017 3920 qnod
1045 3845 1154 3902 totam
1179 3846 1317 3917 terram,
1341 3842 1391 3904 sic

477 4072 485 4104 ¹
503 4075 521 4125 i.
533 4090 556 4125 e.
568 4075 744 4138 ‘Lionellum,’
756 4075 906 4125 attentards
929 4089 1005 4127 xvnr.
1039 4079 1087 4128 See
1104 4079 1146 4127 the
1157 4080 1244 4129 letters
1254 4081 1281 4128 ih
1292 4081 1395 4142 Rymer,

441 4145 494 4193 earl
511 4145 541 4193 of
548 4146 635 4193 Ulster
655 4146 705 4193 and
723 4145 792 4194 duke
809 4146 838 4194 os
846 4145 906 4196 ula·
931 4169 956 4201 v.
969 4151 1164 4210 inaltasse.

441 4229 524 4263 renco.
560 4215 641 4262 Wels.
655 4217 711 4262 146.
968 4215 1046 4265 ³The
1057 4217 1187 4282 following
1198 4219 1285 4269 clause
1299 4219 1321 4267 is
1332 4219 1395 4268 from

477 4279 510 4309 ²⁶
530 4283 748 4345 comminationis,¹
776 4283 837 4344 Reg.
872 4284 906 4335 A.
933 4286 1127 4348 Reg.A.xv111.
