3134 5046
261 702 335 741 Temno
344 701 370 740 of

261 753 298 791 tire
307 755 373 792 truce.

423 509 487 572 140
759 525 795 571 Α.
815 524 1031 572 nunrnnrn.

422 684 515 748 dicta
542 684 636 748 curia
667 683 757 746 inira
785 683 909 746 festum
939 685 1049 747 sancti
1079 681 1252 748 Johannis
1283 685 1374 766 Bup-

423 786 516 848 tistae
540 784 697 866 proxime
719 783 886 860 futurum,
913 791 949 847 et
971 783 1064 865 quod
1088 784 1256 866 praedicta
1273 805 1378 866 expe-

422 884 564 948 diantur
583 903 661 948 cum
679 883 751 948 Dn1
768 882 953 966 adjutorio,
974 903 1034 965 per·
1050 883 1180 947 dictum
1202 883 1376 947 dominum

423 1002 563 1066 papam,
597 983 688 1046 infra
718 982 845 1046 festum
877 982 1083 1046 Nativitatis
1117 983 1273 1060 nomm,
1312 983 1376 1046 nisi

423 1083 465 1146 de
490 1102 658 1146 consensu
685 1082 848 1146 nobilium
875 1082 1117 1164 praedictorum
1143 1083 1248 1146 fuerit
1265 1083 1378 1146 termi-

423 1202 488 1246 nus
514 1188 722 1265 prorogatus
736 1207 745 1256 ;
770 1181 821 1245 ita
836 1189 952 1244 tamen
968 1183 1072 1264 quod,
1089 1183 1119 1245 si
1134 1182 1248 1246 dictus
1271 1182 1379 1246 domi-

424 1301 489 1345 nus
518 1301 612 1365 papa
642 1281 876 1364 impediretur,
909 1280 963 1344 vel
991 1300 1059 1344 non
1098 1290 1216 1363 posset
1251 1299 1379 1364 ponere

424 1381 643 1445 concordiam
673 1382 764 1445 inter
791 1399 889 1461 reges
915 1381 1111 1463 praedictos
1139 1382 1232 1463 quod
1259 1381 1379 1445 nihilo-

424 1482 538 1544 minus
577 1489 710 1560 treugae
747 1479 872 1543 durent
902 1487 937 1543 et
972 1487 1155 1554 serventur
1183 1500 1293 1563 usque
1334 1481 1377 1545 ad

425 1588 561 1662 tempus
578 1579 666 1643 infra
682 1579 960 1644 determinatum.

475 1679 604 1756 ‘Item,
632 1675 725 1761 quod
750 1698 796 1742 ex
818 1698 921 1756 nunc,
944 1686 984 1742 ut
1001 1677 1169 1761 praedicta
1196 1678 1318 1742 melius
1344 1687 1379 1743 et

424 1778 560 1861 plenius
605 1777 763 1842 effectum
802 1777 927 1842 habere
964 1779 1110 1861 possint,
1149 1778 1382 1842 concedantur

426 1886 557 1961 treugae
574 1898 685 1962 usque
707 1879 750 1942 ad
770 1878 896 1942 festum
918 1879 1030 1942 sancti
1048 1876 1229 1942 Michaelis
1252 1879 1380 1942 mensis

426 1978 637 2061 Septembris
670 1977 827 2061 proxime
861 1977 1028 2054 futurum,
1059 1985 1094 2040 et
1123 1978 1167 2041 ab
1198 1977 1259 2042 illo
1290 1979 1382 2042 festo

425 2097 535 2161 usque
562 2078 608 2142 ad
640 2078 742 2140 finem
780 2078 916 2140 triennii
952 2076 1105 2140 continui
1134 2078 1290 2158 proxime
1327 2098 1382 2143 se·

425 2178 575 2261 quentis,
606 2197 668 2261 per
695 2177 807 2241 dictos
841 2196 940 2259 reges
971 2177 1128 2240 Franciae
1160 2184 1195 2240 et
1227 2175 1380 2258 Angliae,

425 2296 542 2358 regem
572 2276 710 2354 Scotiae,
742 2277 901 2341 comitem
928 2275 1114 2351 Hanoniae,
1146 2285 1181 2340 et
1217 2277 1380 2358 alligatos

427 2396 559 2457 regum,
585 2376 757 2453 videlicet,
779 2376 953 2439 dominum
969 2375 1163 2440 Johannem
1191 2377 1233 2440 de
1256 2377 1381 2441 Huno-

425 2476 496 2552 nia,
539 2483 575 2539 et
606 2482 741 2558 gentem
776 2475 961 2552 Flandriae,
1003 2477 1040 2538 in
1083 2475 1241 2540 omnibus
1281 2477 1381 2540 terris

426 2593 558 2655 regum,
573 2575 749 2652 comitum,
776 2583 811 2638 et
837 2574 1058 2657 alligatorum
1083 2575 1382 2656 praedictorum,a

427 2681 580 2756 tempore
602 2674 693 2738 datae
714 2674 936 2756 praesentium
958 2682 1170 2757 treugarum,
1185 2694 1249 2757 per
1269 2681 1381 2738 totum

427 2780 564 2856 tempus
581 2773 782 2856 praedictum
798 2773 988 2838 servandae.

477 2873 603 2950 ‘Item,
631 2874 723 2956 quod
752 2893 814 2937 rex
839 2874 976 2949 Scotiae,
1002 2892 1117 2936 comes
1141 2872 1324 2950 Hanania,
1346 2883 1382 2940 ct

427 2973 562 3055 alligati
576 2973 745 3037 dictorum
769 2963 901 3054 regum,
920 2973 1058 3036 mittent
1074 2991 1155 3036 suos
1177 2974 1320 3036 nuncios
1337 2975 1380 3038 ad

427 3074 557 3136 curiam
585 3071 798 3155 praedictam,
838 3092 914 3136 cum
946 3079 1120 3155 potestate
1146 3072 1383 3137 consentiendi

428 3190 467 3235 ac
490 3172 660 3249 firmandi,
678 3172 865 3236 secundum
890 3179 1076 3235 tractatum
1097 3171 1247 3235 fiendum
1265 3191 1382 3236 coram

428 3271 520 3335 dicto
542 3272 681 3335 domino
704 3291 806 3353 papa,
824 3271 1042 3352 inquantum
1068 3291 1128 3335 eos
1152 3271 1276 3352 tangit,
1292 3271 1382 3335 inira

428 3369 516 3433 diem
537 3371 740 3453 praedictum
766 3370 878 3433 sancti
906 3369 1090 3433 Johannis.
1143 3370 1243 3433 Etsi
1274 3371 1382 3453 aliqui

428 3488 547 3532 eorum
574 3471 710 3533 mittere
731 3470 927 3545 noluerunt,
958 3473 1100 3551 propter
1131 3469 1196 3532 hoc
1226 3489 1295 3533 non
1330 3490 1385 3534 re-

429 3568 622 3631 tardabitur
638 3569 815 3650 ncgotium
832 3569 1054 3632 antedictum.

480 3666 604 3744 ‘Item,
631 3668 722 3749 quod
744 3668 845 3731 dictae
876 3675 1008 3749 treugae
1035 3675 1219 3731 serventur
1245 3667 1282 3731 in
1307 3668 1385 3731 Bri-

430 3766 550 3829 tannia
593 3768 684 3830 inter
723 3785 822 3849 reges
868 3767 1052 3848 praedictos
1096 3774 1132 3831 et
1170 3765 1385 3832 adhaerentes

429 3865 569 3943 eisdem,
592 3866 697 3931 etiam
726 3866 755 3928 si
775 3866 836 3950 jus
864 3867 900 3929 in
926 3867 1053 3930 ducatu
1082 3885 1120 3930 se
1145 3866 1272 3930 habere
1297 3886 1385 3949 prae-

430 3967 584 4030 tendant.
642 3965 744 4041 Item,
767 3965 859 4047 quod
885 3966 1010 4029 civitas
1027 3964 1236 4029 Venetensis
1263 3967 1385 4049 recipi-

430 4073 509 4128 atur
536 4067 573 4128 in
601 4066 760 4129 manibus
790 4065 958 4129 dictorum
984 4065 1200 4128 dominorum
1229 4066 1386 4129 cardina·

429 4163 525 4240 lium,
541 4165 691 4228 tenenda
718 4164 854 4228 nomine
876 4163 1005 4227 domini
1029 4183 1129 4246 papae
1158 4184 1221 4247 per
1237 4184 1309 4241 eost,
1326 4173 1387 4228 aut

429 4263 575 4326 alterum
613 4265 777 4346 ipsorum,
816 4284 885 4327 uno
917 4264 1114 4340 decedente,
1151 4264 1205 4326 vel
1247 4264 1386 4328 nolente
