3134 5046
464 479 529 544 148
690 523 692 527 v
808 475 846 543 A?
860 496 1075 544 uunrnrurrr.

304 671 410 712 mean
464 673 601 736 cunque
633 654 713 737 jure
746 653 801 717 vel
837 654 941 718 titulo
973 654 1062 735 [vel]
1100 654 1216 718 colore
1246 653 1416 735 pertiuen-

302 722 442 822 ffdissfm
466 754 577 833 tibus;
612 752 819 835 dequibus,
850 754 943 817 inter
969 761 1037 817 nos·
1057 760 1094 816 et
1115 753 1244 817 dictum
1284 753 1416 836 Philip·
1460 758 1466 768 “

462 873 560 936 -pum,
607 851 828 916 dissentionis
869 854 924 916 vel
971 853 1217 917 controversiae
1272 854 1416 916 materia

464 959 517 1018 est
533 953 697 1028 suborta,
716 953 771 1016 vel
793 954 921 1035 poterit
947 953 1106 1016 suboriri.
1158 950 1212 1016 Ac
1232 951 1334 1015 etiam
1362 954 1415 1015 in·

464 1071 569 1134 super
600 1052 769 1116 universis
797 1059 832 1114 et
863 1052 1022 1132 singulis,
1037 1052 1296 1134 quaestionibus,
1335 1072 1415 1136 que-

465 1152 558 1228 reliS,
575 1151 832 1228 controversiis
849 1152 986 1228 arastis,
1003 1150 1193 1228 domandis,
1210 1157 1246 1214 et
1262 1149 1413 1228 ¹delatis,

465 1251 659 1324 actionibus
686 1250 850 1327 realibus
877 1251 1127 1333 personalibus
1156 1258 1260 1332 atque
1284 1250 1413 1325 mixtis

465 1369 507 1413 ac
521 1348 640 1413 litibus
654 1356 692 1412 et
705 1350 934 1432 processibus
945 1369 1049 1431 super
1064 1349 1117 1412 his
1134 1349 1414 1431 dependentibus

465 1467 544 1531 quoe
564 1456 683 1513 mutuo
706 1457 918 1531 competunt,
938 1450 995 1513 vel
1021 1456 1215 1529 competere
1240 1456 1413 1530 poterunt.

467 1547 613 1612 Necnon
635 1567 739 1630 super
762 1549 921 1613 omnibus
950 1547 1085 1612 damnis
1114 1556 1149 1611 et
1175 1547 1309 1630 injuriis
1336 1549 1413 1612 binc

464 1646 556 1722 iude,
581 1648 702 1710 tamin
720 1655 813 1712 terra
837 1641 939 1730 quem
957 1648 993 1711 in
1011 1648 1111 1724 mari,
1128 1647 1219 1710 datis
1237 1655 1272 1712 et
1293 1647 1413 1725 illatis,

463 1765 507 1809 ac
523 1747 684 1830 expensis
701 1755 737 1811 et
760 1747 926 1811 interesse
941 1767 1020 1830 quae
1037 1747 1132 1828 exigi
1155 1755 1319 1829 poterunt
1335 1747 1413 1810 hinc

463 1845 554 1911 inde.
606 1846 653 1910 Et
674 1847 879 1928 generaliter
896 1867 999 1929 super
1021 1847 1178 1911 omnibus
1196 1847 1414 1910 dissentioni-

465 1947 530 2012 bus
558 1953 593 2009 et
633 1965 835 2028 guerrarum
861 1947 1146 2011 commotionibus
1173 1947 1351 2010 internos
1381 1955 1415 2011 et

465 2046 580 2127 ipsum
594 2043 811 2128 ²Philippum
837 2047 1009 2111 subortis:
1036 2053 1072 2109 et
1101 2053 1172 2109 tam
1197 2065 1301 2128 super
1327 2066 1415 2128 prce·

465 2145 561 2209 dicto
586 2164 706 2226 regno,
729 2153 765 2209 et
786 2145 866 2229 jure
884 2147 983 2209 nobis
1006 2145 1048 2209 ad
1072 2145 1200 2208 dictum
1219 2165 1362 2226 regnum
1380 2154 1414 2208 et

462 2263 629 2316 ,coronam
664 2244 822 2308 Franciae
856 2253 1082 2327 competente,
1102 2263 1206 2326 quam
1238 2244 1412 2325 praedictis

468 2345 649 2420 universis,
667 2343 957 2420 concordandum,
983 2343 1262 2426 ³pacificandum,
1275 2347 1414 2426 compo·

468 2443 628 2520 nendum,
657 2443 929 2525 transigendum
944 2449 979 2507 e't
1002 2463 1121 2526 pacem
1145 2449 1359 2526 perpetuam,
1381 2453 1415 2507 et

465 2541 603 2608 finalem
634 2542 851 2606 concordiam
882 2544 1079 2620 ineundum,
1103 2543 1169 2626 [et]
1193 2562 1234 2606 ea
1263 2546 1341 2625 quae
1365 2543 1414 2606 sic

467 2649 658 2713 contrecta,
684 2643 906 2719 concordata,
932 2651 1047 2724 pacta,
1075 2643 1277 2724 composita,
1305 2651 1415 2706 traus-

468 2748 559 2816 acta,
574 2738 628 2804 4et
644 2741 744 2817 initu,
762 2740 836 2814 fieri
852 2743 979 2807 debeat
992 2744 1027 2806 in
1047 2742 1111 2806 hac
1129 2751 1228 2824 parte
1243 2743 1414 2823 stipulan-

467 2839 548 2902 dum
574 2849 609 2904 et
628 2839 870 2923 recipiendum.
923 2842 969 2905 Et
993 2843 1109 2906 omnia
1132 2841 1202 2905 alia
1217 2849 1253 2906 et
1277 2843 1414 2924 singula

466 2933 681 3003 ⁵1'aciendum
697 2947 733 3004 et
755 2940 984 3004 exercendum
1001 2961 1078 3022 qnae
1101 2941 1138 3004 in
1165 2942 1364 3022 praemissis,
1376 2951 1414 3004 et

466 3039 558 3103 circa
580 3059 634 3114 ea,
661 3041 857 3104 necessaria
882 3040 938 3104 vel
963 3047 1159 3122 opportuna
1182 3040 1320 3105 fuerint.
1369 3041 1415 3104 Et

464 3138 497 3201 si
518 3139 717 3204 mandatum
744 3139 889 3221 exigent
913 3140 1074 3221 speciale,
1091 3141 1330 3220 promittentes
1352 3160 1414 3221 pro

465 3239 565 3304 nobis
583 3247 618 3302 et
640 3237 832 3302 haeredibus
855 3240 994 3314 nostrie,
1013 3258 1077 3302 nos
1094 3245 1207 3302 ratum
1225 3246 1261 3302 et
1277 3246 1414 3320 gratum

465 3336 644 3402 habituros
669 3337 830 3420 quicquid
850 3357 912 3421 per
938 3338 1123 3421 praedictos
1138 3345 1275 3402 nostros
1292 3357 1414 3420 procu·

467 3445 600 3502 ratores
624 3446 669 3513 :et
700 3438 855 3513 nuncios
885 3457 959 3514 sex,
989 3439 1154 3523 quinque,
1186 3445 1347 3520 quatuor,
1380 3445 1414 3501 et

467 3542 538 3598 tres
553 3553 681 3611 eorum,
707 3545 821 3600 actum
838 3544 874 3600 et
889 3543 1024 3619 gestum
1039 3537 1144 3604 fuerit
1166 3538 1202 3602 in
1216 3538 1414 3619 premissis,

467 3640 504 3701 et
517 3634 673 3716 quolibet
688 3635 955 3717 praemissorum.
997 3671 1000 3676 >
1106 3642 1110 3646 ’
1408 3687 1410 3696 ,

516 3731 580 3798 ‘In
597 3733 696 3817 cujus
713 3735 766 3798 rei·
778 3735 1012 3802 testimonium
1027 3735 1090 3801 has
1106 3737 1225 3800 literas
1242 3737 1317 3801 fieri
1333 3737 1413 3800 feci·

464 3852 541 3898 mus
557 3841 727 3915 patentes.

501 4055 508 4084 ¹
526 4059 534 4086 ‘
545 4057 662 4120 debatis‚'
673 4059 746 4122 Rym.
953 4075 1104 4122 quacunque
1116 4062 1250 4110 securitate
1259 4059 1413 4120 firmandum,

498 4123 638 4176 ’Omitted
649 4129 675 4176 in
687 4129 760 4192 Rym.
953 4144 982 4179 ac
1005 4132 1165 4179 securitatem
1188 4145 1246 4191 quae
1268 4129 1341 4178 nobis
1362 4129 1413 4177 fieri

498 4193 510 4224 ⁸
525 4198 739 4261 ‘paciscendum'
750 4199 824 4262 Rym.
952 4200 1060 4261 debeat‚'
1071 4205 1118 4250 etc.

498 4261 508 4292 ⁴
526 4267 599 4330 Rym.
608 4267 672 4316 adds
683 4267 726 4316 ‘et
742 4269 806 4317 inita
821 4268 925 4330 suerint,
985 4265 998 4298 ὅ
1014 4268 1146 4320 ‘facienda
1158 4274 1183 4319 et
1189 4268 1348 4332 exercende‚’
1355 4268 1412 4318 MS.
