3146 5038
527 490 760 542 'canomcom
1054 473 1123 545 '165

168 649 429 730 potentissimis,
469 651 627 732 captivos
668 651 835 732 capiendo
874 657 909 714 et
960 653 1121 730 tenendo,

168 769 257 830 quos
290 749 542 832 postmodum
531 770 568 812 ιιι
597 749 727 831 Anglia
761 749 927 814 custodiae
955 752 1120 815 carcerali

167 848 392 913 demandavit
415 845 673 931 mancipandos.
724 847 850 931 Itaque
878 849 1034 914 visitavit
1057 851 1118 914 do-
1131 863 1271 910 nemnem.

167 949 282 1011 minus
308 968 370 1012 rex
400 948 515 1030 plures
542 950 673 1031 patrias
698 948 769 1012 iere
797 967 907 1030 usque
934 919 1221 1027 ¹Parisi0S,²⁰P⁸¹¹⁸

165 1047 220 1108 cui
240 1047 519 1129 appropinquare
543 1067 609 1112 nou
626 1048 752 1130 potuit,
770 1048 852 1130 quia
870 1067 933 1111 rex
961 1048 1118 1114 Franciee

150 1145 291 1208 ibidem
321 1165 396 1210 sese
427 1147 568 1229 recepit,
598 1166 639 1210 ac
668 1142 785 1210 omnes
821 1154 943 1229 pontes
972 1147 1117 1211 circum-

166 1264 305 1327 quaque
318 1245 433 1328 frangi
453 1245 546 1321 iecit,
565 1247 616 1310 ita
630 1245 721 1328 quod
740 1246 940 1329 passagium
958 1245 1115 1329 Anglicis

166 1363 233 1407 noa
262 1344 396 1426 patuit3
419 1364 459 1408 ac
482 1365 560 1408 cum
578 1345 723 1409 ulterius
740 1365 809 1408 non
826 1354 1013 1428 potuerunt
1037 1367 1115 1430 pro-

166 1443 288 1507 cedere
304 1463 423 1508 versus
441 1443 630 1520 ιΡιιιίεἰοε,
645 1452 724 1527 post
745 1463 876 1508 moram
894 1445 998 1510 tridui
1021 1447 1115 1529 apud

168 1541 374 1607 Pussiacum
401 1543 540 1621 factam,
556 1543 741 1607 adventum
765 1543 856 1625 regis
880 1543 1037 1610 Franciae
1054 1556 1113 1610 ex·

168 1647 349 1724 pectantes
375 1662 437 1724 pro
467 1643 558 1707 bello
577 1643 775 1715 obtinendo.
806 1657 907 1725 quem
933 1645 1114 1710 advenisse

169 1749 391 1823 putaverunt,
408 1749 445 1806 et
460 1762 528 1807 non
539 1744 646 1819 venit,
660 1752 825 1825 ceperunt
842 1742 908 1806 iter
921 1763 982 1825 per
998 1754 1114 1827 partes
1126 1764 1247 1804 uutntlres

169 1840 352 1919 picardia,
369 1849 404 1905 et
421 1842 582 1906 continue
600 1841 728 1906 fiebant
750 1843 889 1924 praedae,
912 1843 1070 1924 spolia,
1060 1864 1114 1907 m·
1126 1815 1276 1864 mmm*

165 1940 298 2018 cendia,
314 1948 350 2004 et
370 1942 559 2012 occisiones
580 1941 795 2034 inimicorum
815 1941 1047 2005 resistentium
1070 1944 1114 2006 ad

165 2040 353 2103 maximum
366 2059 555 2104 numerum.
607 2039 696 2119 Quae
719 2060 780 2103 rex
800 2035 955 2104 Franciae
972 2042 1116 2107 moleste

168 2139 293 2217 ferens,
311 2148 521 2222 congregato
545 2141 699 2204 exercitu
726 2141 890 2217 maximo,
905 2142 1114 2223 sequebatur

167 2257 188 2301 a
213 2245 312 2320 tergo
330 2239 496 2321 usquead
514 2237 757 2303 Abbevillam
747 2259 782 2303 m
801 2239 951 2304 Pontifo.

215 2338 262 2401 Et
277 2358 339 2402 rex
357 2336 493 2420 Angliae
516 2358 593 2403 cum
623 2340 695 2402 suis
718 2340 815 2403 stetit
842 2346 963 2404 tunct
949 2347 1112 2423 emporis
1125 2360 1171 2400 ree
1180 2361 1261 2401 arena

1103 2411 1253 2459 ,klnsscomea

166 2437 256 2518 apud
283 2436 422 2521 Cressy,
438 2438 509 2520 qui,
526 2459 604 2502 curn
621 2438 851 2503 intellexisset
872 2439 993 2522 quod
984 2439 1111 2505 mimici
1124 2471 1153 2509 ιιι
1164 2461 1215 2499 ,ιιι

167 2545 238 2600 tam
263 2556 371 2620 prope
399 2538 555 2615 fuissent,
572 2536 692 2601 hilaris
709 2537 855 2602 efficitur
876 2549 911 2602 et
927 2511 1245 2623 jocundas,dl¹0'.'.⁸y¹.‘¹⁸'t

166 2656 205 2699 eo
236 2636 329 2718 quod
360 2637 486 2700 bellum
526 2636 729 2701 festinanter
769 2639 924 2702 obtinere
958 2639 1112 2704 credidit.

168 2735 268 2800 Unde
284 2736 488 2800 adveniente
502 2734 558 2800 die
573 2737 693 2802 Sabati
710 2738 870 2818 proxima
884 2745 963 2819 post
985 2737 1110 2803 festum
1125 2757 1228 2797 neten

165 2836 275 2899 sancti
291 2836 549 2910 Bartholomaei‚
563 2837 670 2920 juxta
682 2836 852 2900 villamde
870 2835 1009 2920 cressy,
1021 2839 1112 2902 circa
1124 2809 1220 2907 illlis

167 2933 285 2998 boram
311 2936 469 3018 primam,
493 2935 651 3000 dominus
679 2956 739 3000 rex
770 2935 909 3017 Angliae
936 2956 1013 2999 cum
1039 2938 1111 3001 suis

164 3034 268 3116 elegit
292 3035 356 3099 sibi
381 3054 540 3118 campum
570 3036 761 3118 spatiosum
784 3043 819 3099 et
842 3034 933 3099 bello
949 3037 1112 3100 conveni·

165 3142 290 3212 entem,
308 3154 377 3218 quo
399 3137 543 3217 ipsemet
565 3155 641 3199 cum
665 3136 823 3198 omnibus
843 3136 915 3199 suis
934 3134 1112 3200 descendit

164 3234 198 3296 in
225 3235 343 3316 pedes,
367 3236 465 3316 equis
489 3233 562 3298 suis
584 3235 722 3311 amotis,
744 3235 960 3316 expectando
984 3234 1112 3298 adven-

164 3341 237 3396 tum
262 3335 491 3411 inimieorum,
521 3340 556 3398 et
580 3335 771 3398 exercitum
801 3352 901 3397 suum
926 3325 1110 3398 dividendo

163 3452 223 3514 per
240 3440 312 3497 tres
328 3434 439 3513 acies3
466 3452 611 3515 quarum
633 3435 778 3516 primam
800 3433 994 3497 habuerunt
1015 3434 1147 3534 prin·
1096 3445 1255 3535 -Dupoatuu

162 3551 242 3614 ceps
259 3532 412 3610 Walliae,
428 3551 543 3597 comes
562 3532 875 3615 Nortbamptoniae,
893 3532 1112 3598 constabula·
1096 3497 1213 3636 {goegio

165 3633 248 3709 rius,
266 3639 301 3697 et
325 3651 439 3696 comes
455 3631 656 3714 Warewyk,
672 3633 895 3697 marescallus
925 3635 1109 3708 exercitus,

165 3751 242 3794 cum
274 3732 407 3797 caeteris
433 3732 551 3796 electis
575 3732 730 3814 personis
764 3738 798 3794 et
821 3733 925 3795 armis
955 3734 1110 3814 probatis

162 3831 226 3894 sibi
261 3830 446 3915 adjunctis
477 3831 697 3914 disponentes
726 3830 882 3912 singulas
916 3837 1048 3894 turmas
1076 3839 1113 3896 et
1142 3846 1159 3858 ⁷

162 3931 319 3995 cobortes
334 3931 369 3994 in
392 3930 599 3994 stationibus
620 3929 779 4012 congruis
804 3937 838 3992 et
868 3931 1010 4004 securis,
1032 3930 1111 3994 illos

162 4029 386 4094 exhortantes
412 4037 448 4095 et
482 4037 662 4094 monentes
685 4038 724 4093 ut
752 4029 919 4111 impetum
954 4027 1110 4092 inimico·

518 4257 526 4289 ¹
538 4261 545 4289 ‘
556 4259 692 4323 Parisius,'
704 4260 764 4310 MS.
