3146 5038
504 519 761 568 ocurruusrro.
1040 503 1105 575 189

214 667 344 744 Totaque
357 686 414 727 vox
428 668 524 746 populi
538 668 600 727 vult
614 669 737 728 Edward
751 669 868 728 horlbus
882 671 933 740 uti,
1118 695 1189 736 naor,
1197 695 1221 734 or

215 763 254 821 Et
267 763 321 822 sibi
334 783 487 840 regnorum
500 783 604 822 nomeu
617 766 739 823 retinere
752 765 883 824 duorum.
1118 745 1225 785 ΜΨ·

214 859 291 918 Nam
302 860 369 918 licat
383 859 549 930 Edwardus,
564 861 601 920 sit
615 860 740 922 Francos
755 861 869 920 flectcre
882 862 990 931 tardus,

214 955 275 1014 Scit
289 956 384 1023 Dsos,
397 956 434 1014 ad
447 956 570 1034 plenum,
585 957 662 1034 quud
676 957 840 1034 subjugarit
852 977 996 1017 ammaum

213 1051 346 1128 Regnum
361 1052 545 1122 Francorum,
559 1053 738 1130 congaudens
752 1054 868 1112 nominc
882 1053 1007 1124 ¹florum,

214 1147 257 1206 Ut
269 1147 348 1207 fraus
362 1149 467 1206 vitetur
480 1147 560 1226 plebs
574 1149 704 1219 consulit,
718 1157 750 1206 ut
764 1149 917 1209 meditetur

214 1243 299 1308 Quod
312 1244 445 1322 captivati
458 1253 535 1304 stent
548 1264 660 1304 carcere
673 1265 731 1304 uon
744 1245 865 1316 liberati,

214 1339 316 1398 Donec
330 1349 457 1419 optatum
470 1341 563 1400 tenuit
575 1342 628 1400 sibi
643 1340 837 1420 pacificatum!

204 1475 285 1540 Hoc
302 1478 406 1542 ctiam
425 1484 580 1560 tempore
601 1478 739 1560 quidem
763 1477 919 1557 clericus,
937 1498 983 1544 ex
1005 1487 1105 1564 parte
1117 1491 1202 1582 {3322

156 1574 380 1655 Francorum,
417 1578 503 1643 duos
546 1597 666 1642 versus
712 1576 795 1642 fecit
838 1588 1033 1662 sequentes,
1068 1581 1244 1690 inmelby

154 1675 271 1739 odium
286 1677 606 1760 regisAnglorum:
1116 1693 1252 1738 tiermes.

195 1799 243 1859 ‘0
258 1819 311 1858 rex
325 1800 498 1878 Anglorum,
512 1801 672 1862 destruetor
685 1803 873 1882 pacificorum,

214 1896 316 1956 Credis
331 1896 505 1956 Francorum
519 1918 638 1976 reguum
653 1918 786 1978 superare
800 1896 972 1957 decernun'2

156 2033 290 2112 Quibus
313 2036 469 2099 versibus
486 2036 626 2120 quidam
642 2036 825 2119 Anglicus,
848 2036 1010 2106 videlicet
1031 2057 1104 2102 ma·
1117 2065 1267 2116 mansus,

154 2135 262 2215 gister
278 2134 454 2199 Robertus
480 2135 522 2199 dc
545 2134 756 2219 Avesbury,³
777 2137 883 2201 curiae
906 2136 1105 2202 Cautuariae
1118 2117 1235 2216 iiiiii.

156 2233 291 2315 registri
306 2242 437 2312 custos,
454 2236 633 2318 respoudit
647 2237 684 2299 in
699 2236 789 2300 hunc
805 2236 942 2300 modum
957 2254 966 2303 :

195 2350 335 2409 ‘Francia
347 2371 499 2429 regnorum
512 2353 667 2412 fortissima
680 2353 732 2412 tlos
747 2354 875 2424 aliorum,

215 2446 332 2505 Dudum
347 2448 483 2519 sublimis,
498 2451 579 2527 quasi
592 2451 711 2528 parvula
723 2470 800 2509 nunc
814 2461 869 2509 stat
882 2451 912 2508 in
926 2452 1000 2512 imis.

216 2543 283 2601 Hoc
296 2546 362 2621 quia
374 2545 520 2623 peccavit;
541 2546 632 2624 Phclp
647 2556 675 2605 et
688 2546 746 2607 Jon
761 2547 874 2625 quaudo
888 2549 1003 2620 creavit,

215 2639 340 2716 Injustos
355 2661 446 2719 reges,
461 2642 635 2701 ostendendo
649 2643 723 2703 male
736 2645 823 2721 leges,

216 2735 338 2794 Edward
351 2756 402 2815 per
416 2737 507 2814 legem
521 2739 576 2796 sibi
590 2740 742 2816 sumpsisse
756 2741 829 2798 bene
843 2761 940 2818 regern

216 2832 263 2890 Sic
277 2833 344 2910 quia
358 2833 492 2892 ⁴nolebat
506 2835 607 2893 merito
621 2835 691 2892 fleus
707 2836 827 2895 Francia
841 2835 937 2898 flebat.

217 2922 282 2986 Rex
298 2928 419 2988 Carolus
432 2939 526 2988 rectus
542 2931 715 2989 Francorum
730 2932 804 2990 sistit
817 2940 937 3003 erectus,

215 3025 273 3090 Qui
285 3025 414 3095 moritur,
427 3035 495 3085 nato
509 3027 588 3084 nullo
602 3027 637 3085 de
651 3047 682 3085 se
694 3038 840 3105 generato.

215 3121 298 3179 Tunc
310 3121 360 3179 lex
373 3121 409 3180 ad
423 3121 522 3180 florem
536 3124 589 3181 sibi
600 3125 700 3200 junxit
714 3126 925 3202 proximiorem.

188 3279 192 3286 ,
215 3214 338 3272 Edward
352 3215 512 3290 Anglorum
526 3234 632 3292 regem,
648 3215 684 3273 de
697 3217 825 3293 germine
840 3218 952 3289 florum,

214 3310 278 3368 Lex
292 3321 459 3387 agnatorum
474 3312 566 3369 zelum
580 3313 727 3372 confundit
741 3333 849 3383 eorum,

215 3407 274 3472 Qui
288 3416 423 3484 spernunt
437 3416 535 3465 uatum
550 3407 585 3466 dc
598 3428 732 3485 germana
745 3420 921 3486 generatum.

188 3573 503 3629 ¹i.e.thcfleursde·lis.
642 3583 703 3630 land
732 3597 778 3632 nor
802 3585 876 3647 Bale,
909 3585 1006 3652 (which
1033 3589 1108 3638 latter

189 3641 200 3674 ²
216 3646 266 3694 For
276 3648 372 3695 several
383 3650 496 3698 versious
511 3648 540 3698 of
547 3649 617 3700 these
643 3651 746 3702 Hearne
753 3656 775 3702 is
783 3657 959 3718 uotsurprised
965 3654 1012 3720 at,)
1017 3659 1107 3721 Wood,

154 3715 277 3778 couplets,
300 3717 351 3764 and
369 3731 386 3765 a
406 3717 479 3780 reply
493 3723 518 3768 to
540 3719 618 3781 them,
642 3721 710 3770 John
729 3723 852 3786 Josoclin,
872 3722 1025 3793 (catalogus
1045 3729 1108 3777 His·

155 3799 197 3833 see
219 3785 262 3834 the
284 3785 412 3848 Minutiae,
435 3788 568 3848 appended
591 3795 617 3838 to
641 3789 783 3856 turianum)
822 3794 926 3858 Bostou,
958 3797 1106 3861 (Speculum

155 3854 280 3904 Hearuc’s
302 3856 343 3905 ed.
364 3856 393 3905 os
410 3857 553 3921 Avcsbury,
571 3875 616 3922 pp.
642 3860 854 3926 Goenobitarum,)
876 3879 922 3912 nor
950 3865 1051 3927 latterly
1072 3867 1107 3928 hy

155 3928 212 3985 26⁰,
221 3928 279 3975 261.
641 3930 749 3981 Tauuer.
776 3932 1041 3995 Hearneconjectures
1052 3936 1107 3984 that

189 3990 429 4056 ⁸‘Auebury,’text.
437 3996 484 4045 See
491 3995 618 4047 Hearuc's
642 3999 673 4048 he
689 4001 750 4049 died
760 4003 837 4050 about
847 4002 890 4051 the
901 4017 963 4063 year
976 4008 1048 4054 13⁵⁷.

153 4063 254 4126 prefaec
271 4069 297 4112 to
311 4064 352 4114 his
367 4066 462 4114 edition
479 4067 508 4115 of
524 4067 619 4118 Rohert
675 4067 686 4098 ⁴
703 4069 741 4118 Or
752 4067 882 4134 ‘volebat’
894 4087 953 4133 says
965 4073 1037 4136 Hall,
1047 4074 1106 4123 who

153 4133 181 4181 of
188 4134 345 4195 Avesbury's
357 4134 427 4184 Hist.
439 4136 489 4186 Ed.
498 4137 551 4187 111.
559 4152 584 4199 p.
592 4142 617 4188 2.
641 4140 763 4202 remarks,
785 4141 841 4189 that
862 4143 962 4190 writers
990 4142 1019 4191 oi
1043 4145 1106 4192 such

154 4203 179 4250 lt
201 4205 224 4252 is
246 4204 360 4266 singular
377 4204 431 4253 that
454 4206 505 4256 this
526 4207 618 4256 author
640 4224 725 4258 verses
755 4211 816 4273 paid
844 4211 909 4260 little
938 4213 1059 4262 attention
1079 4219 1106 4262 to

153 4272 245 4322 should
256 4279 299 4322 not
312 4275 344 4322 bc
360 4276 503 4325 mentioned
520 4278 554 4338 hy
571 4277 618 4326 Le-
642 4281 766 4341 quantity.
