3146 5038
445 474 512 539 166
785 487 818 534 Α.
837 484 1056 532 uuaruuru.

448 659 522 708 rum
541 660 610 706 nou
626 642 796 717 timerent,
811 639 882 704 xsed
908 657 972 721 pro
996 638 1077 723 jure
1095 644 1130 702 et
1154 638 1254 724 justa
1272 639 1404 704 calum·

432 743 507 823 ¹uia
520 741 648 805 domiui
662 741 717 804 sui
734 739 880 805 viriliter
903 747 938 803 ct
956 745 1155 802 constanter
1172 738 1402 817 decertarent,

286 864 423 910 ruarmo
450 847 485 912 et
508 841 613 905 Duos
636 840 779 924 juvaret
806 838 895 903 illos,
949 836 1094 902 Interim
1120 837 1202 916 dum
1231 839 1305 930 liaeo
1321 858 1404 920 age-

287 917 396 1007 tilieti
453 948 583 1017 rentur,
609 939 913 1022 appropinquante
934 936 1019 1001 hora
1044 955 1282 1018 vesperarum,
1307 938 1403 1004 vide-

287 1015 417 1068 ΜΨ·
452 1042 555 1105 batur
572 1039 704 1103 eminus
719 1037 893 1103 exercitus
903 1035 1119 1100 Gallicorum
1136 1038 1354 1101 moderanter
1369 1045 1404 1102 et

453 1139 611 1204 ordinate
646 1137 941 1220 appropinquans,
970 1136 1102 1217 inquo
1132 1136 1283 1219 populus
1309 1137 1403 1201 aesti-

452 1247 568 1304 matur
592 1236 636 1301 ad
654 1255 833 1300 numerum
849 1234 1027 1300 duodecim
1051 1233 1196 1300 millium
1214 1235 1405 1316 galearum,

452 1345 488 1402 et
514 1345 725 1401 armatorum
740 1335 785 1398 ad
810 1334 1074 1400 aestimationem
1097 1335 1282 1416 sexaginta
1303 1335 1406 1399 milli·

454 1457 523 1512 um,
538 1444 573 1501 et
587 1435 797 1519 pedestrium
809 1435 1117 1510 innumeratornm,
1131 1432 1191 1515 qui
1205 1433 1406 1498 divideban-

454 1545 511 1600 tur
534 1535 569 1599 in
596 1541 729 1618 septem
751 1533 865 1612 acies;
890 1551 1036 1614 quarum
1054 1532 1199 1615 primam
1226 1534 1318 1599 rexit
1342 1554 1406 1598 rex

456 1635 627 1712 Francia,
642 1633 790 1716 eoquod
810 1632 846 1695 iu
864 1631 1085 1696 multitudiue
1101 1632 1222 1714 populi
1248 1634 1303 1696 sui
1317 1634 1406 1696 mul-

381 1809 384 1815 ,
455 1743 528 1799 tum
561 1734 767 1810 confidebat,
792 1731 944 1816 jungens
980 1749 1017 1794 se
1049 1731 1254 1796 festinanter
1285 1733 1405 1815 primae

292 1857 419 1908 mapula
456 1833 542 1898 aciei
575 1831 814 1916 Anglicornm.
886 1829 952 1896 Cui
985 1831 1143 1913 princeps
1168 1830 1320 1908 Walliae,
1346 1852 1405 1898 oo-

292 1909 421 1998 ffi‘iue
456 1935 557 1998 mites
583 1932 843 2014 Northampton
868 1937 904 1995 et
934 1929 1136 2014 Warewyk,
1165 1950 1244 1994 cum
1272 1933 1408 1995 caeteris

293 2008 416 2098 illidi·
457 2032 678 2096 validissimis
693 2032 729 2096 in
742 2031 854 2114 prima
878 2030 953 2094 acie
978 2030 1188 2108 constitutis,
1207 2031 1410 2095 restiterunt

294 2108 385 2148 ‘³⁸⁰¹‘
457 2133 613 2208 viriliter,
639 2139 674 2195 et
697 2131 817 2194 habito
838 2128 920 2194 sorti
948 2129 1111 2194 conflictu
1134 2137 1168 2195 et
1190 2130 1335 2206 diutino,
1358 2130 1408 2194 bi·

294 2257 353 2305 ma
360 2266 396 2296 m
457 2251 537 2294 nam
556 2229 685 2294 Gallici
707 2231 929 2313 patiebantur
945 2229 1131 2312 repulsam,
1147 2235 1184 2294 et
1204 2249 1266 2294 rex
1282 2249 1403 2293 eorum

294 2305 438 2403 mquam
458 2332 502 2395 ab
518 2350 607 2412 equo
617 2329 772 2413 dejectus
785 2350 794 2408 3
812 2329 872 2411 qui
885 2329 955 2393 cito
971 2329 1145 2392 relevatus
1161 2329 1339 2394 resociatis
1354 2348 1410 2392 ca-

457 2431 577 2506 tervis,
602 2430 739 2494 tertium
761 2427 918 2510 Anglicis
940 2427 1163 2492 fortissimum
1182 2428 1336 2492 fecerunt
1358 2429 1409 2492 in·

458 2529 599 2607 sultum,
615 2528 692 2613 ¹qui
710 2549 780 2593 non
795 2547 833 2592 se
848 2527 1025 2608 fingebant
1043 2527 1151 2592 vicem
1166 2527 1308 2593 reddere
1330 2548 1409 2592 con-

458 2629 616 2706 similem,
644 2629 775 2693 lanceis
802 2635 837 2692 et
870 2626 1008 2708 sagittis
1033 2626 1234 2692 densissime
1261 2628 1409 2693 interve·

459 2728 644 2806 cientibus,
659 2747 736 2810 quae
765 2747 834 2792 uon
861 2727 975 2790 minus
992 2726 1168 2791 hominum
1185 2746 1289 2810 quam
1302 2748 1409 2810 equo·

458 2847 533 2890 rum
549 2827 682 2892 viscera
699 2834 781 2892 sunt
797 2833 966 2902 scrutata,
980 2834 1158 2891 armatura
1171 2827 1409 2910 qualicunque

296 2955 367 2992 eura
378 2951 415 2990 ea
459 2946 537 2992 raro
550 2927 764 3009 prohibente.
796 2927 843 2991 Et
858 2925 963 2990 Deus
972 2928 1114 3008 insuper
1130 2945 1212 2992 suos
1229 2927 1408 2991 animabat

296 3000 449 3101 lll‘lettttll
459 3034 495 3092 et
510 3029 665 3109 regebat,
683 3034 721 3090 ut
739 3027 773 3090 in
786 3025 848 3091 illo
864 3044 1063 3107 congressu,
1081 3045 1125 3089 ex
1147 3032 1246 3107 parte
1261 3024 1413 3090 Gallico·

296 3104 317 3152 ¹5
324 3103 405 3142 ‘m'
460 3146 534 3190 rum
548 3127 764 3191 inimicorum
781 3131 976 3190 nostrorum
994 3145 1057 3188 rex
1076 3124 1263 3203 Bohemiae,
1279 3133 1315 3190 et
1337 3125 1410 3188 dux

462 3226 656 3308 Lorengiae,
670 3224 814 3291 etmulti
826 3223 886 3289 alii
901 3225 1048 3288 barones
1064 3231 1099 3288 ct
1112 3225 1247 3302 milites,
1261 3244 1339 3289 cum
1355 3244 1412 3288 ar·

459 3323 1411 3405 migerisinnumeris[ceciderunt];itaquod,secuudum

460 3425 554 3488 dicta
566 3423 862 3501 veridicorum,ibi
876 3422 979 3505 periit
990 3423 1055 3486 flos
1067 3422 1200 3487 militiae
1206 3422 1412 3500 Gallienum,

460 3523 503 3586 de
519 3542 664 3604 quorum
681 3524 875 3588 nominibus
890 3530 1012 3604 postea
1027 3523 1160 3604 patebit
1174 3522 1378 3587 evidenter.2

299 3647 435 3687 nerana
512 3621 591 3686 Rex
621 3643 704 3687 vero
733 3621 890 3687 Franciae
916 3641 954 3688 se
979 3621 1072 3704 fugae
1098 3623 1280 3706 disposuit,
1294 3642 1410 3686 secum

299 3699 420 3798 ilnnig‘iif'
461 3720 590 3786 ducens
612 3722 720 3786 filium
743 3723 834 3802 regis
862 3721 1028 3799 Boemiae,
1051 3722 1126 3805 jam
1149 3741 1211 3804 per
1235 3722 1412 3786 dominum

496 3917 564 3971 ¹Sic
575 3921 635 3973 MS.
948 3924 1045 3972 vauced
1071 3925 1098 3972 in
1126 3924 1192 3988 good
1219 3924 1300 3974 order.
1344 3926 1370 3974 It
1393 3928 1417 3976 is

499 3989 581 4040 ²'l'his
592 3995 708 4054 account,
721 3993 747 4040 in
758 3993 857 4042 several
867 4007 925 4054 par-
949 3993 1029 4041 worth
1048 3995 1135 4055 noting
1156 3993 1211 4042 that
1232 3994 1330 4058 James,
1353 3996 1418 4059 king

461 4061 574 4123 tioulars,
591 4063 674 4110 varies
690 4061 753 4110 from
770 4063 812 4111 the
829 4064 925 4110 minute
949 4063 978 4110 of
986 4063 1110 4125 Majorca,
1122 4065 1147 4110 in
1159 4062 1209 4111 this
1226 4069 1417 4127 contemporary

461 4136 567 4179 account
584 4132 658 4192 given
675 4133 708 4193 by
726 4133 859 4194 Froissart,
875 4133 925 4180 and
950 4137 1057 4182 account
1073 4133 1096 4182 is
1113 4133 1253 4182 conducted
1269 4140 1314 4182 out
1330 4135 1360 4182 os
1373 4136 1416 4184 the

462 4201 572 4262 adopted
588 4202 622 4261 by
634 4201 754 4264 Lingard,
766 4203 802 4250 iii.
815 4206 924 4250 47-50.
951 4203 1018 4264 field,
1030 4203 1078 4250 and
1092 4207 1134 4250 not
1145 4202 1220 4264 slaiu,
1237 4218 1266 4252 as
1282 4203 1304 4252 is
1319 4205 1416 4254 related

463 4269 503 4330 By
515 4270 565 4318 this
580 4275 687 4319 account
703 4271 745 4319 the
763 4271 860 4321 Freneh
879 4271 924 4319 ad·
951 4272 984 4332 by
996 4273 1093 4321 several
1104 4273 1132 4320 oi
1140 4287 1186 4320 our
1197 4272 1340 4323 historicus.
