3146 5038
442 478 507 544 172
775 493 810 540 A.
835 492 1051 542 numnurn.

442 669 535 714 orem
554 657 668 714 tamen
691 666 790 711 suam
819 666 898 711 cum
924 645 1041 710 liberis
1067 646 1101 709 in
1129 665 1172 710 ea
1196 656 1296 729 parte
1322 670 1399 732 pro-

442 749 570 831 genitis
601 747 801 829 Andwarpe
829 747 863 809 in
888 746 1036 810 Selonde
1065 745 1206 823 dimisit,
1233 749 1333 829 quasi
1363 751 1399 812 in

443 833 735 912 assecurationem
767 845 898 911 reditus
924 847 1000 910 sui:
1036 845 1279 928 celebratoque
1304 848 1397 929 apud

443 946 641 1011 Londonias
658 945 899 1029 parliamento,
917 953 1022 1028 atque
1040 945 1191 1026 negotiis
1206 946 1398 1030 dispositis,

442 1046 568 1111 indixit
592 1044 799 1126 Angiigenis
817 1046 984 1109 tributum
1002 1044 1134 1127 quintae
1157 1047 1268 1126 partis
1290 1047 1399 1110 bono·

442 1165 540 1226 rum3
571 1145 670 1209 lanas
694 1142 864 1208 ¹omnium
886 1143 1084 1226 occupavit,
1102 1161 1298 1227 nonamque
1315 1164 1397 1226 gar-

442 1246 520 1309 bam
551 1244 593 1308 de
619 1243 712 1308 omni
735 1243 838 1324 gleba
858 1241 997 1324 Angliae
1020 1241 1093 1305 suis
1116 1242 1396 1323 expeditionibus

443 1344 648 1426 deputavit:
679 1342 722 1407 de
750 1350 922 1425 proventu
946 1342 1103 1406 dominos
1131 1341 1288 1406 villarum
1318 1344 1400 1407 vici-

440 1449 562 1507 narum
578 1441 786 1524 respondere
803 1441 897 1506 fecit.

414 1635 420 1644 ”
490 1638 600 1703 Auno
626 1639 770 1704 Dounu
796 1653 1074 1714 mcccxxxrx,
1092 1644 1127 1700 et
1145 1638 1237 1719 regis
1261 1635 1396 1718 Anglo·

441 1759 516 1803 rum
534 1737 703 1803 'Edwardi
720 1737 813 1802 tertii
839 1756 931 1801 anno
954 1743 1169 1813 x111.,tenta
1192 1737 1258 1801 fnit
1281 1756 1395 1800 rerum

440 1839 541 1920 copia
567 1846 603 1903 et
624 1839 703 1902 aeris
722 1836 852 1920 inopia,
869 1835 962 1919 quod
989 1837 1203 1919 quarterium
1230 1836 1394 1900 frumenti

441 1938 629 2004 Londoniis
660 1937 704 2002 ad
736 1936 823 1999 duos
855 1936 985 1999 solidos
1019 1935 1235 2013 venderetur,
1263 1944 1299 2000 et
1332 1937 1396 2000 bos

440 2038 578 2120 pinguis
602 2037 643 2101 ed
663 2035 843 2100 dimidiam
860 2054 1026 2099 marcam.

278 2263 415 2302 anunm.
485 2232 594 2298 Anno
630 2225 771 2296 Dorum
807 2249 987 2299 noccxn.
1007 2237 1052 2298 'et
1079 2233 1171 2315 regis
1198 2232 1395 2316 Anglornm

277 2313 432 2403 iiiiiiiiiff
441 2333 605 2398 Edwardi
626 2333 719 2397 tertii
743 2352 834 2397 anno
860 2349 950 2410 xlv,
976 2332 1065 2396 idem
1095 2353 1158 2397 rex
1189 2333 1394 2412 Edwardus,

278 2413 385 2454 mmm·
441 2435 477 2497 in
505 2432 626 2514 vigilia
658 2433 770 2496 sancti
805 2431 955 2497 Joannis
992 2433 1176 2515 Baptistae,
1200 2437 1288 2497 ‘cnm
1328 2434 1393 2497 du-

384 2615 392 2621 „
441 2533 552 2597 'centis
578 2532 725 2596 navibus
748 2536 842 2595 mar'e
863 2531 1040 2614 ingressus
1063 2539 1117 2596 est
1138 2551 1259 2596 versus
1289 2533 1395 2596 Flan-

441 2632 571 2704 driem;
613 2630 674 2695 sed
700 2630 808 2714 j'nxta
840 2632 1013 2695 maritima
1043 2631 1216 2696 Flandriae
1240 2631 1393 2696 'classem

443 2731 656 2794 Francorum
678 2732 852 2812 copiosam
878 2738 913 2794 et
938 2731 1143 2794 instructam
1167 2730 1302 2795 obviam
1331 2731 1394 2795 be·

439 2830 526 2896 buit.
562 2829 643 2908 Qua
670 2829 713 2893 de
735 2831 840 2894 cansa
857 2833 919 2912 per
944 2837 1055 2895 totum
1078 2830 1168 2893 diem
1192 2831 1289 2894 illum
1313 2850 1393 2895 cum

436 2929 512 2993 'suis
529 2929 735 3006 deliberans,
752 2929 788 2992 in
806 2929 958 2993 crastino
979 2930 1242 3012 superveniente
1256 2931 1292 2992 in
1315 2929 1392 3013 ejus

440 3028 609 3093 auxilinm
649 3027 786 3092 valente
828 3028 937 3092 milite
977 3029 1133 3092 Roberto
1164 3029 1207 3092 de
1243 3028 1393 3093 Morleia

443 3149 521 3193 cum
545 3127 676 3192 boreali
699 3127 809 3192 classe
832 3126 984 3210 Angliae,
1006 3128 1225 3192 commissum
1254 3136 1308 3192 est
1330 3147 1393 3192 na·

439 3228 517 3293 vale
548 3228 674 3291 bellum
705 3227 942 3304 fortissimum,
966 3227 1069 3309 quale
1093 3227 1186 3291 circa
1211 3247 1291 3291 oras
1317 3225 1393 3291 An-

439 3329 519 3408 gliee
535 3346 704 3410 nusquam
717 3334 770 3390 est
782 3327 911 3406 visum;
929 3327 999 3400 ubi,
1012 3327 1093 3390 Dno
1106 3326 1255 3403 favente,
1267 3327 1393 3392 Franci

439 3435 475 3491 et
497 3426 703 3502 Normenni,
727 3426 853 3490 acriter
874 3426 1034 3507 sagittati
1056 3445 1117 3509 per
1139 3424 1288 3507 Anglos,
1307 3434 1392 3490 sunt

439 3525 586 3605 devicti3
617 3525 742 3606 partim
773 3525 866 3603 caesi,
896 3525 1020 3607 partim
1052 3522 1179 3606 ‘gratis
1211 3527 1392 3604 submersi,

350 3709 352 3712 ι
439 3624 562 3707 partim
580 3623 685 3705 capti,
700 3623 918 3705 navibusque
944 3643 1075 3700 eorum,
1092 3625 1250 3707 exceptis
1271 3625 1392 3707 paucis

438 3742 517 3808 qnae
535 3722 753 3804 aufugerant,
772 3723 926 3787 totaliter
942 3723 1131 3805 occupatis.

482 3822 568 3887 Inde
584 3842 645 3885 rex
660 3821 799 3903 Angliae
814 3822 1015 3887 Flandriam
1030 3823 1220 3904 ottingene,
1238 3822 1392 3889 adunato

472 4005 479 4034 ¹
504 4007 567 4056 Hau
589 4007 612 4056 is
633 4005 764 4056 uncertain
785 4004 899 4054 whether
925 4005 1064 4066 Neustriae,
1087 4004 1138 4054 and
1159 4005 1311 4070 Murimuth,
1333 4013 1392 4059 aute

435 4078 485 4128 this
511 4077 583 4126 word
617 4090 676 4137 may
703 4078 746 4122 not
774 4075 806 4123 be
837 4075 898 4124 read
924 4091 950 4137 p.
963 4079 1004 4124 93.

435 4143 553 4197 ‘ovium'
585 4147 610 4194 lt
621 4159 676 4194 was
686 4144 729 4193 the
739 4141 811 4192 ninth
823 4145 898 4195 fleece

435 4216 519 4266 which
530 4215 643 4264 Edward
654 4215 722 4264 took.
749 4215 899 4263 ‘Lmaeno-
957 4212 1034 4264 ’Sic
1063 4214 1144 4275 Ms.;
1179 4215 1242 4264 Hali
1270 4223 1388 4280 suggests

435 4301 495 4334 num
528 4285 627 4347 vellue,'
649 4284 740 4345 wele,
765 4283 896 4347 Hypodig.
923 4279 1028 4345 ‘aquie'
