3164 5054
301 883 347 923 'rho
355 890 426 931 young

302 933 356 980 king
377 931 413 970 ad·

302 991 381 1022 vanem
395 983 428 1018 to·

302 1033 373 1072 wardo
382 1031 441 1070 Saot-

303 1082 363 1122 land.

315 2965 405 3004 Edward
414 2963 444 3004 11.

315 3016 334 3056 is
346 3015 464 3055 murdered.

459 490 504 554 54
628 527 630 530 -
803 506 836 552 Δ.
857 505 1072 554 MURIMU'I'H.

462 661 645 728 victitavit.
671 681 783 745 usque
819 661 864 726 ad
898 670 1035 746 tempus
1072 661 1216 726 inferius
1248 670 1419 726 annotan-

464 762 556 827 dum.

515 861 640 926 Novus
662 868 779 925 autem
802 879 864 924 rex
881 859 1034 943 juvenis,
1057 880 1135 925 cum
1160 869 1271 926 matre
1294 869 1418 926 suaet

465 961 698 1043 stipendiariis
707 961 779 1024 suis
793 960 1008 1043 alienigenis,
1020 981 1238 1042 congregans
1251 980 1416 1043 magnum

466 1061 669 1137 exercitum,
684 1078 805 1125 versus
823 1059 976 1125 Scotiam
990 1079 1029 1127 se
1042 1061 1233 1138 transtulit,
1251 1078 1330 1126 eum
1347 1081 1416 1144 quo

466 1167 636 1226 venerunt
667 1158 802 1242 ¹plures
834 1159 1027 1232 voluntarie
1056 1179 1158 1245 quam
1191 1160 1313 1236 inviti;
1355 1161 1417 1225 sed

468 1259 561 1343 apud
577 1259 772 1332 Eboracum
796 1259 863 1324 luit
886 1260 1004 1341 gravis
1025 1260 1209 1328 ,conflictus
1233 1262 1324 1326 inter
1340 1259 1417 1325 An·

467 1359 577 1442 glieos
608 1364 644 1426 et
671 1357 926 1436 Hanouienses,
960 1359 1021 1426 sed
1048 1359 1189 1442 Anglici
1215 1359 1420 1427 deteriorem

468 1465 603 1541 partem
628 1456 843 1524 habebant²z
867 1457 961 1524 iaetu
988 1466 1105 1526 tamen
1127 1475 1220 1542 paee
1241 1479 1279 1524 se
1297 1479 1422 1524 versos

469 1557 621 1622 Seotiam
647 1557 912 1635 transtulerunt,
932 1559 991 1622 ubi
1015 1559 1080 1626 suit
1103 1559 1277 1628 exereitus
1297 1559 1419 1624 Scoto-

469 1677 544 1722 rum
556 1657 648 1739 apud
664 1654 838 1741 ³Stannop
852 1656 959 1724 Park.
987 1659 1034 1723 Et
1044 1659 1127 1727 lieet
1137 1659 1314 1726 exercitus
1326 1661 1421 1740 regis

472 1756 611 1838 Angliae
632 1755 755 1822 fuisset
776 1757 814 1824 in
839 1757 945 1840 triplo
970 1759 1083 1842 major
1109 1766 1144 1826 et
1166 1759 1301 1836 fortior,
1324 1759 1423 1824 Scoti

472 1865 599 1933 tamen,
615 1875 680 1940 per
703 1856 933 1939 proditionem
949 1858 1165 1940 quorundam
1188 1855 1422 1940 *magnatum

472 1957 546 2021 sine
571 1956 712 2022 laesione
740 1955 926 2038 sugerunt3
962 1965 998 2025 et
1026 1977 1089 2024 rex
1115 1959 1255 2042 juvenis
1280 1957 1421 2040 Angliae
1468 1969 1480 1982 ·

472 2076 551 2120 oum
566 2055 686 2120 dolore
702 2063 737 2122 et
753 2057 828 2120 sine
842 2056 971 2122 honore
985 2077 1145 2124 reversus
1162 2065 1227 2134 est,
1241 2065 1277 2123 et
1291 2058 1423 2123 remisit

474 2155 718 2220 Hauonienses
734 2162 770 2220 et
785 2155 1026 2238 stipendiarios
1044 2157 1088 2224 ad
1105 2164 1222 2241 partes
1239 2176 1331 2225 suas

525 2254 601 2320 Isto
629 2273 734 2330 anno,
759 2255 795 2318 in
821 2256 911 2321 festo
937 2257 1051 2323 sancti
1068 2257 1091 2322 J
1094 2258 1216 2324 oannis
1241 2257 1425 2340 Baptistae,

474 2360 528 2417 est
544 2352 568 2417 J
571 2355 711 2430 aeobus,
725 2355 909 2438 episcopus
926 2354 1147 2433 Exoniensis,
1158 2365 1315 2422 mortuus
1332 2357 1424 2439 apud

477 2452 731 2536 Petresbeghes
760 2455 797 2518 in
820 2474 884 2520 sua
906 2455 1058 2524 dioecesi.
1111 2456 1158 2522 Et
1184 2456 1267 2522 lieet
1292 2456 1327 2521 J.
1352 2456 1425 2521 Go-

476 2551 587 2634 delsy,
616 2552 767 2616 decanus
790 2554 940 2632 Welliae,
966 2556 1182 2624 concorditer
1208 2557 1427 2639 postmodum

476 2650 599 2716 fuisset
636 2652 779 2730 electus,
811 2673 904 2735 papa
940 2662 1056 2722 tamen
1088 2655 1241 2738 providit
1261 2657 1428 2732 ⁸eeclesiae

478 2751 669 2816 Exoniensi
691 2752 733 2817 de
759 2753 897 2818 domino
915 2753 951 2819 J.
975 2755 1018 2818 de
1040 2754 1289 2831 Grandissouo
1309 2757 1370 2839 qui
1391 2757 1427 2820 in

478 2850 567 2915 sesto
584 2851 697 2916 sancti
714 2852 821 2916 Lucae
837 2852 903 2918 suit
918 2854 954 2917 in
970 2855 1067 2922 curia
1083 2863 1314 2935 consecratus.

529 2950 659 3014 Postea
687 2968 724 3017 x.
756 2952 919 3018 calendas
946 2953 1121 3032 Octobris,
1159 2975 1250 3022 anno
1282 2955 1425 3022 Domni

478 3067 735 3128 mocoxxvu,
763 3051 830 3118 luit
857 3060 1015 3120 mortuns
1046 3054 1239 3121 Edwardus
1260 3067 1324 3118 rex
1353 3055 1427 3120 An·

476 3149 556 3234 glise
578 3151 614 3214 in
637 3157 753 3215 castro
770 3152 813 3216 de
838 3151 1010 3237 Berkley3
1039 3155 1075 3218 in
1099 3175 1180 3237 qino,
1204 3161 1243 3220 ut
1269 3155 1428 3238 praedixi,

478 3249 544 3314 fuit
568 3245 724 3314 ⁵carcere
751 3253 968 3334 mancipatus
1001 3273 1062 3320 seu
1096 3254 1256 3319 detentus
1284 3255 1426 3320 invitus.

478 3348 525 3412 Et
539 3349 621 3413 lieet
635 3349 735 3414 multi
750 3333 923 3428 ⁶abbates,
932 3353 1075 3438 priorem
1087 3353 1226 3431 milites,
1240 3355 1429 3435 burgenses

477 3446 520 3510 de
538 3447 731 3525 Bristollia,
748 3455 784 3517 et
802 3447 844 3514 de
862 3449 1071 3529 Gloeestria,
1089 3453 1133 3518 ad
1152 3453 1337 3519 videndum
1352 3473 1428 3519 cor·

511 3662 521 3698 ¹
538 3666 627 3716 ‘multi
645 3673 697 3718 tam
714 3672 849 3722 voluntarii
864 3690 940 3736 quam
1002 3673 1145 3726 “earcere
1157 3681 1428 3742 mancipatusseu'are

476 3736 567 3799 inviuss
578 3738 666 3800 Mogd.
966 3746 1070 3796 omitted
1087 3748 1115 3795 in
1133 3747 1209 3812 Nero,
1227 3749 1263 3800 D.
1276 3751 1431 3802 x.—Fora

511 3803 522 3831 ²
538 3807 616 3868 ‘quia
631 3809 766 3860 vindictam
783 3827 881 3865 sumere
895 3830 941 3864 au·
965 3817 1086 3877 masterly
1097 3816 1187 3866 sketeh
1197 3818 1226 3867 oi
1239 3819 1352 3870 Edward
1368 3822 1430 3872 113³

476 3876 571 3926 debant
590 3877 740 3938 prohibitam
762 3897 808 3944 per
824 3885 940 3948 regales,'
966 3886 1104 3949 character,
1112 3901 1154 3936 see
1167 3886 1271 3951 Higden
1281 3903 1323 3950 ap.
1332 3892 1430 3955 Knigh·

477 3945 541 4008 Ηυξ.
554 3947 587 3997 Α.
600 3957 673 3998 xvtn.
965 3960 1017 4019 tou,
1029 3957 1064 4006 X.
1073 3957 1157 4018 strip.
1169 3961 1243 4022 2581,
1254 3963 1295 4009 66.

511 4015 730 4083 “Stannopark,’
746 4023 818 4073 Uota
843 4025 883 4073 ct.
906 4025 938 4074 E.

476 4087 527 4134 and
544 4087 610 4138 Hor.
634 4093 715 4151 38363
733 4091 940 4156 ‘Stanueparck3'
1001 4092 1012 4124 ⁶
1028 4096 1145 4157 ‘praelati
1159 4102 1187 4146 et
1201 4099 1247 4148 alii
1261 4099 1294 4148 de
1314 4101 1431 4161 partibus

477 4156 561 4206 llutl'e
571 4159 620 4218 od.;
634 4159 652 4208 i.
662 4175 685 4208 e.
697 4161 823 4224 Stanhope
833 4164 915 4214 Park.
965 4165 1035 4228 illis‚'
1047 4167 1123 4230 Nero,
1132 4167 1167 4218 Ι).
1180 4181 1216 4232 ra,
1227 4170 1290 4232 lieg.
1298 4170 1332 4220 A.
1342 4183 1430 4234 xvtu„

511 4223 521 4251 ⁴
538 4227 704 4288 ‘magnorum
758 4232 940 4297 anglicorum,'
965 4235 1015 4284 and
1028 4237 1094 4288 lior.
1107 4241 1180 4288 3836.

478 4293 543 4344 Hor.
556 4299 628 4346 ³836.
