3134 5046
529 513 750 563 cusoruoou.
1053 498 1118 564 137

161 675 352 759 pectand03
380 675 432 738 ita
458 673 552 756 quod
578 673 633 737 die
657 671 823 736 Mercurii
849 673 1007 756 proximo
1038 680 1118 754 post

160 777 287 840 festum
321 774 433 838 sancti
460 773 564 838 Lucae
593 773 830 855 evangelistae,
865 772 982 836 habito
1013 780 1118 839 vento
1157 815 1160 821 -

161 895 339 958 prospero,
367 874 532 956 navigare
569 879 750 955 coeperunt
778 892 855 936 cum
888 872 1000 936 classe
1032 892 1118 955 qua-

161 975 422 1056 dringentarum
448 973 599 1049 navium,
616 972 745 1036 ducens
768 991 889 1036 secum
920 991 983 1034 sex
1010 971 1120 1036 millia

162 1081 386 1150 armatorum,
396 1093 473 1137 cum
486 1073 608 1153 viginti
623 1069 805 1135 ¹minorum
821 1071 1118 1147 architenentium,

162 1180 288 1256 praeter
309 1180 444 1238 nautas,
490 1170 641 1249 Quando
656 1178 692 1234 et
712 1171 772 1234 ubi
799 1171 834 1234 in
853 1171 1035 1235 Britannia
1058 1190 1120 1252 ap-

162 1274 369 1355 plicuerunt,
392 1279 427 1336 et
455 1271 535 1353 quid
554 1271 602 1333 ibi
621 1270 787 1346 iecerunt,
808 1270 899 1334 iufra
920 1271 1118 1353 proximum

166 1372 357 1455 capitulum
374 1371 509 1454 plenius
525 1368 748 1456 continetur]

166 1599 243 1646 REX
279 1599 318 1646 ΙΝ
346 1597 576 1646 BRl'l'ANNlAM
610 1597 927 1645 MINOREM-REDIT
954 1599 998 1645 ΕΤ
1027 1599 1119 1645 HYE·

215 1698 301 1746 MA'l'.
353 1697 502 1746 'l'RllUGA
530 1697 633 1745 AEGRE
661 1697 895 1746 consumavit
923 1699 972 1746 Ex
1002 1699 1120 1747 Pna'ru

217 1797 325 1844 REGIS
349 1797 503 1845 Aboula.

215 1953 326 2019 ΑΝΝο
344 1955 487 2020 Dorum
505 1955 687 2020 millesimo
710 1956 950 2021 trecentesimo
972 1956 1119 2040 quadra·
1133 1975 1241 2024 mena

164 2055 296 2137 gesimo
313 2055 475 2132 secundo,
489 2056 710 2136 pontificatus
722 2055 909 2120 Clementis
925 2057 1016 2119 sexti
1030 2076 1120 2121 anno
1132 2027 1263 2126 liiii?

164 2156 287 2237 primo,
314 2156 412 2236 regni
442 2174 523 2218 vero
555 2156 647 2236 regis
674 2155 836 2219 Edwardi
865 2155 957 2218 tertii
984 2175 1006 2219 a
1039 2175 1120 2220 con·

165 2264 292 2337 questu
320 2253 567 2331 sextodecimo,
595 2256 709 2318 aetatis
754 2253 935 2318 scribentis
978 2275 1121 2338 sexage-

166 2355 253 2426 simo
289 2372 392 2431 nono,
435 2355 527 2417 circa
567 2353 693 2417 festum
724 2355 837 2418 sancti
870 2353 1050 2419 Michaelis
1083 2375 1122 2420 se

166 2454 276 2516 traxit
293 2473 354 2517 rex
377 2451 516 2534 Angliae
539 2453 582 2516 de
606 2452 732 2517 Cantia
749 2473 868 2518 versus
887 2453 1120 2536 Portesmuth‚

167 2560 202 2616 et
229 2553 288 2630 ibi,
315 2553 369 2616 die
389 2551 553 2616 Mercurii
572 2554 729 2633 proximo
755 2562 835 2636 post
860 2553 985 2619 testum
1008 2557 1119 2619 sancti

168 2651 274 2715 Lucae
315 2652 552 2731 evangelistae,
589 2671 666 2715 eum
705 2652 815 2716 classe
853 2671 918 2716 sua
955 2654 1120 2736 navigare

167 2751 286 2833 coepit,
308 2751 398 2814 sicut
424 2769 529 2833 supra
562 2752 720 2832 proximo
749 2758 802 2815 est
831 2771 1052 2834 expressum
1086 2763 1122 2818 et

167 2849 357 2934 penultimo
383 2850 438 2913 <lie
455 2849 664 2915 Novembris
694 2850 863 2933 applicuit
887 2852 921 2914 in
941 2836 1122 2918 Britannia

169 2949 300 3013 Minori
321 2969 428 3032 prope
447 2950 561 3012 Brast.
624 2949 692 3014 Sed
723 2959 910 3033 antequam
943 2950 1031 3014 idem
1060 2973 1119 3016 rex
1134 2971 1264 3012 iaruman

168 3050 313 3114 intravit
341 3049 570 3124 Britanniam,
596 3048 646 3112 illi
676 3049 736 3132 qui
755 3058 1017 3131 ¹praecesserunt
1044 3021 1265 3114 eum⁵¹M⁰¹¹⁵¹¹'

169 3168 248 3212 cum
273 3149 398 3212 comite
426 3147 740 3230 Nortbamptoniae,
768 3149 939 3224 videlicet,
964 3149 1123 3213 dominus

170 3246 279 3329 Hugo
311 3248 513 3330 Dispenser,
544 3247 702 3311 domiuus
734 3246 929 3311 Richardus
963 3248 1123 3326 Talebot,

170 3367 247 3411 cum
286 3348 358 3412 suis
399 3346 555 3428 collegis,
587 3346 781 3411 habuerunt
820 3347 1016 3411 conflictum
1046 3367 1124 3412 cum

171 3444 317 3509 Gallicis
338 3446 430 3529 apud
448 3446 626 3529 Morleys3
656 3447 714 3509 ubi
740 3448 842 3527 pauci
863 3446 1012 3529 Anglici‚
1029 3447 1124 3512 vide·

171 3544 265 3622 licet,
292 3545 352 3608 vix
382 3547 560 3627 quingenti
586 3545 664 3622 viri,
689 3545 816 3609 multos
845 3544 1013 3624 Gallicos
1031 3547 1126 3611 vide-

170 3644 264 3718 licet,
297 3642 572 3727 ²quiuquaginta
600 3643 669 3708 duo
704 3644 812 3708 millia
840 3652 1050 3709 armatorum
1083 3648 1126 3710 de

170 3743 396 3807 nobilioribus
421 3744 587 3808 militibus
604 3743 762 3806 Francia
779 3744 898 3824 sugere
925 3755 1126 3826 coegerunt,

171 3849 209 3906 et
227 3842 354 3907 multos
371 3843 582 3919 occiderunt,
599 3850 633 3906 et
648 3842 816 3925 quosdam
830 3851 1013 3925 cepenmt:
1038 3845 1128 3908 inter

171 3961 260 4026 quos
286 3950 410 4025 captus
434 3941 499 4006 fuit
526 3942 684 4005 dominus
709 3941 888 4021 Galfpidus
912 3942 954 4005 de
977 3941 1125 4026 Cbarny‚

209 4066 277 4118 'Sic
293 4069 360 4131 Ms,
378 4069 418 4118 for
428 4067 514 4117 which
530 4083 590 4129 may
605 4070 637 4117 be
663 4081 707 4117 sex
732 4069 814 4116 millia
839 4072 999 4132 armatorum,
1022 4069 1129 4120 archite-

170 4138 248 4190 much
270 4140 350 4188 better
371 4138 442 4200 read,
457 4139 466 4167 ‘
479 4153 537 4187 eum
555 4138 637 4188 classe
664 4138 795 4199 nentium,'
807 4138 853 4186 &a

171 4208 413 4270 quadringentarum
442 4209 545 4257 navium
580 4223 637 4256 cum
699 4205 854 4269 ²Knigbton
864 4208 971 4257 reduces
980 4207 1022 4257 the
1031 4210 1128 4260 Frencb

171 4278 264 4338 viginti
281 4279 415 4338 minorum,
436 4279 532 4332 ducens
552 4292 637 4326 secum
663 4283 688 4326 to
704 4281 797 4339 twenty
811 4277 945 4327 thousand.
978 4282 1051 4331 asel.
1064 4284 1105 4330 65.
