3134 5046
542 444 764 493 onaourcon.
1065 428 1131 492 141

176 602 346 685 recipere;
387 611 422 667 et
449 602 514 666 hoe
550 610 624 672 toto
656 611 809 684 tempore
839 602 1008 666 dictarum
1035 610 1128 667 treu·
1143 619 1250 709 qeqqor
1289 614 1291 618 ·

174 721 317 782 garum:
345 713 379 767 et
394 704 431 767 in
455 703 523 766 fine
540 702 707 766 dictarum
726 708 938 783 treugarum,
955 703 1038 766 dicti
1056 722 1129 766 car·
1168 681 1181 710 ⁹
1222 676 1252 707 ω’

176 802 309 866 dinales
327 803 406 867 inde
423 803 553 866 iaciant
571 801 757 866 secundum
773 821 870 866 suam
887 802 1111 866 voluntatem.

229 902 355 978 ‘Item,
384 902 476 985 quud
501 921 563 983 pro
586 901 803 968 absolutione
821 901 1129 983 Flammingorum,

177 1010 211 1068 et
232 1003 404 1066 amotione
428 1001 675 1064 sententiarum
693 1020 780 1084 quas
800 1002 1029 1078 incurrerunt,
1047 1001 1130 1066 dicti

178 1101 371 1165 cardinales
397 1101 544 1164 sollicite
568 1100 725 1164 laborare
750 1101 900 1164 habeant
925 1101 1018 1183 quod
1040 1101 1131 1164 bona

178 1209 214 1266 et
243 1201 360 1264 debita
391 1201 447 1265 via
473 1200 674 1282 reperiatur.
742 1199 844 1276 Item,
881 1199 973 1282 quod
1014 1201 1131 1264 comiti

180 1299 397 1364 Montifortis
419 1305 600 1363 serventur
618 1318 671 1376 ea,
689 1319 767 1382 quae
789 1300 855 1363 sibi
871 1300 1041 1381 promissa
1058 1300 1131 1364 fue-

179 1407 262 1464 runt
290 1408 371 1464 ante
398 1399 574 1463 civitatem
591 1398 838 1476 Nanatensem,
858 1419 919 1462 seu
946 1399 1048 1476 inira,
1072 1419 1132 1481 per

179 1499 354 1563 dominum
392 1498 512 1562 ducem
545 1497 781 1575 Normanniae,
809 1499 851 1561 de
882 1499 1005 1581 quibus
1040 1499 1132 1564 licite

179 1599 365 1663 constabit.
410 1597 512 1674 Item,
531 1598 668 1680 quodsi
686 1597 792 1680 aliqui
810 1596 818 1630 ¹
833 1599 868 1660 in
881 1597 1058 1661 Vasconia
1077 1599 1132 1662 vel

181 1699 277 1775 alibi,
293 1698 496 1762 durantibus
513 1697 614 1761 dictis
637 1698 779 1777 treugis,
797 1705 959 1761 moveant
973 1717 1133 1780 guerram

182 1799 297 1862 vicino
315 1798 369 1861 vel
395 1797 534 1862 inimico
558 1816 634 1873 suo,
652 1797 795 1860 alterius
818 1797 927 1879 partis
957 1797 1133 1876 existenti,

182 1898 274 1979 quod
307 1897 390 1961 dicti
421 1915 519 1977 reges
549 1915 586 1960 se
617 1894 834 1978 interponere
873 1917 942 1960 non
971 1895 1131 1973 habeant,

182 2016 244 2079 per
271 2016 308 2060 se
332 1997 386 2060 vel
411 2016 473 2079 per
499 1995 614 2072 alium,
638 1996 766 2060 directe
789 1995 844 2060 vel
875 1991 1063 2070 indirecte;
1099 2003 1134 2062 et

183 2084 287 2179 quod,
305 2116 367 2178 per
382 2095 460 2172 hoc,
476 2102 608 2177 treugae
633 2094 808 2177 praedictae
826 2101 894 2160 non
917 2095 1133 2178 frangantur.

181 2195 230 2259 -Et
251 2197 458 2260 laborabunt
474 2196 572 2270 bene,
599 2195 729 2277 absque
753 2196 883 2270 fraude,
901 2203 936 2259 et
952 2196 1135 2276 diligenter

183 2314 282 2376 reges
313 2295 481 2378 praedicti,
516 2292 607 2376 quod
637 2295 766 2358 subditi
792 2296 893 2359 unius
925 2294 1034 2378 partis
1065 2314 1134 2358 non

182 2395 313 2460 saciant
350 2413 505 2477 guerras,
543 2394 746 2458 durantibus
786 2394 959 2477 praedictis
992 2395 1135 2476 treugis,

183 2494 330 2560 subditis
371 2494 514 2558 alterius
555 2493 664 2575 partis
703 2494 738 2557 in
765 2493 941 2558 Vasconia
973 2495 1027 2558 vel
1057 2495 1136 2557 Bri·

184 2595 316 2658 tannia.
399 2597 402 2602 '
1092 2651 1093 2654 ,

235 2693 360 2770 ‘Item,
383 2694 474 2776 quod
497 2691 624 2771 nullus,
641 2693 700 2777 qui
719 2711 810 2755 nunc
828 2692 873 2756 sit
889 2694 925 2756 in
942 2693 1135 2760 obedientia

184 2793 288 2856 unius
314 2794 434 2876 partis,
457 2793 683 2875 pendentibus
711 2792 842 2873 treugis
876 2801 992 2874 posset
1019 2793 1135 2858 venire

184 2893 229 2956 ad
263 2893 490 2957 obediendam
524 2892 666 2957 alterius
700 2892 821 2973 partiS,
851 2893 906 2954 cui
942 2912 1011 2956 uon
1045 2901 1136 2956 esset

183 2992 345 3056 obediens
393 2999 547 3074 tempore
586 2993 677 3056 datae
715 2991 884 3055 dictarum
922 2998 1134 3073 treugarum.

183 3092 288 3169 Item,
313 3091 407 3176 quod
447 3091 532 3156 nulli
564 3110 585 3155 a
615 3091 771 3174 partibus
803 3091 976 3173 praedictis
1005 3091 1135 3173 aliquid

183 3193 296 3268 detur,
313 3192 368 3258 vel
388 3192 616 3273 permittatur,
633 3198 672 3253 ut
689 3207 848 3271 guerram
871 3190 971 3254 alteri
988 3197 1133 3266 moveat,

183 3291 313 3356 directe
347 3291 403 3356 vel
433 3290 609 3366 indirecte,
641 3290 845 3353 durantibus
875 3289 1008 3371 treugis
1047 3309 1135 3370 prae·

183 3391 296 3455 dictis.
350 3389 452 3468 Item,
480 3390 573 3473 quod
604 3389 706 3453 dictae
735 3397 867 3471 treugae
893 3396 1075 3455 serventur
1099 3390 1134 3452 in

182 3499 288 3567 terra,
315 3497 350 3556 et
377 3490 413 3554 in
442 3491 540 3566 mari,
563 3509 626 3572 per
642 3496 758 3570 partes
775 3488 968 3572 praedictas
1033 3485 1135 3566 Item,

180 3590 277 3673 quod
309 3590 411 3654 dictae
445 3596 577 3670 treugae
606 3589 784 3652 firmentur
814 3609 876 3671 per
900 3589 1135 3672 juramentum

180 3688 499 3771 utriusquepartis.
553 3687 656 3765 Item,
675 3687 766 3770 quod
784 3688 885 3752 dictae
903 3695 1034 3768 treugae
1052 3690 1137 3770 pub·

180 3789 381 3852 licabuntur
396 3789 440 3851 ab
463 3795 611 3871 utraque
636 3787 791 3869 partein
817 3787 1025 3851 exercitibus
1051 3789 1136 3850 utri·

181 3907 293 3970 usque
311 3888 433 3970 partic,
450 3888 567 3951 statim
592 3888 628 3950 in
646 3886 838 3962 Britannia,
856 3887 945 3949 etin
961 3885 1137 3949 Vasconia

180 3988 273 4064 infra
298 3987 492 4070 quindecim
518 3987 604 4064 dice,
622 3997 656 4050 et
684 3987 720 4048 in
738 3983 901 4048 Fiaodria
926 3984 1017 4047 infra
1040 3985 1138 4066 quin·

178 4087 294 4151 decim
312 4087 397 4162 dice,
424 4093 459 4150 et
482 4087 519 4149 in
534 4084 665 4168 Anglia
682 4092 717 4148 et
738 4083 774 4146 in
801 4083 918 4147 Scotia
940 4083 975 4146 in
990 4085 1137 4166 quadra-

425 4235 432 4266 ¹
451 4239 621 4302 ‘Vaseoniae’
638 4239 697 4288 cod.
708 4237 771 4299 Reg.
784 4236 817 4286 A.
827 4227 915 4286 xvrrr.
