3134 5046
527 499 749 546 cuuourcou.
1070 484 1113 548 93

162 656 391 721 existentibus
420 656 526 741 juxta
559 676 676 736 mare3
706 657 797 721 inter
825 675 913 740 quas
943 658 1009 722 fuit
1043 679 1113 724 una

161 776 290 836 magua
315 757 449 833 domus,
473 756 575 838 plena
601 756 716 830 remis
745 756 843 834 velis,
883 764 918 821 et
947 759 1051 824 armis
1077 768 1113 824 et

162 855 337 920 arbalistis
364 855 567 919 necessariis
592 855 635 918 ad
675 862 727 919 tot
751 855 917 933 homines
946 858 1006 938 qui
1034 878 1114 940 pos·

161 963 239 1018 sent
270 953 425 1018 sufficere
451 974 513 1036 pro
546 954 647 1018 dictis
677 955 899 1019 novendecim
923 956 1032 1038 galeis
1056 977 1111 1021 ar·

160 1053 313 1116 mandis:
352 1054 412 1117 ubi
442 1052 581 1117 filerunt
617 1073 660 1116 ex
692 1061 838 1136 utraque
867 1063 965 1136 parte
997 1058 1112 1133 occisi,

162 1151 222 1215 sed
239 1152 356 1234 plures
373 1152 416 1216 de
431 1152 591 1216 Bononia
608 1153 787 1218 interfecti.

213 1251 294 1314 Hoc
312 1270 415 1326 anno,
430 1251 465 1314 in
485 1251 652 1334 principio
670 1252 796 1315 mensis
807 1252 998 1331 Februarii,
1012 1254 1113 1318 rediit

161 1369 225 1413 rex
253 1351 289 1414 in
305 1350 482 1432 Angliam,
507 1351 627 1431 regina
651 1357 854 1432 praegnante
882 1352 919 1415 in
941 1350 1112 1417 Gandavo

162 1448 324 1523 dimissa;
355 1457 390 1513 et
408 1451 477 1512 cito
494 1457 574 1531 post
595 1448 716 1513 habuit
739 1450 1002 1532 parliamentum
1020 1452 1111 1534 apud

162 1548 521 1625 Westmonasterium,
555 1549 614 1612 ubi
649 1548 729 1612 laici
765 1558 1009 1614 concesserunt
1047 1551 1138 1632 sibi

162 1646 170 1680 ¹
184 1668 313 1712 nonum
329 1648 440 1712 vellus
457 1648 560 1724 lanae,
581 1655 617 1712 et
633 1667 760 1710 nonum
777 1668 917 1730 agnum,
935 1657 970 1713 et
987 1670 1113 1715 nonam

163 1748 306 1828 garbam
335 1747 570 1831 cujuscunque
605 1747 740 1828 generis
769 1747 871 1810 bladi.
932 1748 999 1812 Sed
1028 1769 1113 1830 prae-

162 1847 256 1912 latus
273 1853 308 1910 et
330 1846 444 1910 clerus
461 1853 543 1910 tunc
561 1846 644 1910 nihil
661 1853 916 1922 concesserunt,
933 1848 1016 1928 quia
1031 1857 1112 1912 ante

163 1944 361 2012 Adventum
393 1944 506 2009 clerus
549 1945 719 2010 concessit
748 1946 815 2008 sibi
844 1963 947 2009 unam
987 1966 1110 2010 novam

163 2045 342 2122 decimam,
358 2063 518 2109 unacum
535 2043 606 2108 alia
618 2062 855 2126 praeconcessa
871 2051 1039 2107 currente.

215 2144 345 2208 Eodem
382 2163 471 2207 anno
510 2144 630 2225 regina
661 2142 823 2226 Philippa
867 2143 1001 2224 peperit
1038 2145 1112 2225 regi
1124 2161 1262 2260 grumum

162 2243 273 2306 filium
296 2262 414 2306 mense
434 2241 554 2307 Martii
577 2242 669 2324 apud
691 2240 911 2319 Gandavum,
934 2261 1036 2323 quem
1054 2263 1234 2307 VO-athena

162 2342 259 2408 cavit
273 2340 296 2405 J
299 2342 469 2406 ohannem
485 2342 527 2406 de
546 2339 692 2406 (laum-²

163 2583 271 2631 REGIS
303 2582 604 2630 TRANSFRETATIO
627 2582 665 2629 IN
690 2581 917 2630 FLANDRIAM.
970 2582 1113 2629 BELLUM

227 2681 481 2730 GOMMl'P'l'l'l'UR
519 2682 559 2729 ΙΝ
592 2682 710 2728 POR'l'U
746 2682 793 2728 ΒΕ
831 2680 965 2729 SWYNE
1003 2681 1114 2730 INTER

225 2781 391 2829 ANGLIAM
414 2782 458 2828 ΕΤ
481 2781 680 2828 FRANCIAM.

215 2937 325 3002 Anno
350 2937 491 3000 Dourur
514 2953 705 3014 u.ccc.xn.,
722 2937 817 3018 regni
839 2936 930 3018 regis
951 2935 1116 2999 Edwardi
1221 2989 1226 2998 .

162 3039 259 3102 tertii
282 3057 304 3101 a
320 3045 509 3117 conquestu
527 3052 605 3098 xlv.
644 3036 746 3112 Item,
761 3035 852 3099 ³cito
870 3041 949 3118 post
965 3034 1114 3111 Pascha,

164 3137 308 3202 comites
322 3133 468 3198 “Sarum
484 3141 519 3198 et
535 3134 743 3211 Suffolchiee,
761 3155 838 3198 cum
853 3135 974 3215 paucis
1001 3153 1112 3196 arma·
1267 3201 1269 3206 ,

165 3237 223 3313 tis,
242 3235 425 3301 voluerunt
440 3233 571 3316 cepisse
587 3225 704 3297 villam
722 3233 764 3296 de
781 3232 868 3316 Lyle
883 3233 919 3295 in
938 3231 1113 3307 Flandria,
1125 3252 1208 3292 nram.

163 3355 243 3418 ‘1¹¹ae
267 3334 449 3398 ienflbfltul
470 3351 532 3414 per
547 3341 681 3414 partem
706 3332 797 3414 regis
817 3331 991 3409 Franciae3
1016 3337 1051 3395 et
1066 3303 1227 3394 ibiw⁸¹⁸⁸⁰ffi

162 3430 328 3498 ⁵suerunt
358 3430 609 3496 circumvallati
640 3432 857 3496 multitudine
891 3439 1113 3506 armatorum,

163 3541 198 3598 et
229 3540 371 3615 propter
400 3551 518 3594 eorum
549 3531 691 3594 stultam
724 3531 904 3594 audaciam
936 3530 1042 3612 capti,
1080 3538 1114 3593 et

199 3724 206 3753 ¹
225 3727 279 3775 The
298 3726 307 3753 ‘
315 3721 404 3788 ninth‚’
426 3726 544 3787 because,
558 3726 629 3775 these
687 3723 775 3775 ²'l'his
786 3726 862 3774 latter
872 3725 959 3774 clause
974 3725 997 3773 is
1012 3724 1115 3772 omitted

164 3797 267 3847 articles
285 3796 361 3857 being
379 3795 496 3856 tithahle,
506 3795 549 3843 the
559 3795 629 3843 tenth
652 3797 679 3844 in
692 3797 755 3857 ling.
767 3795 801 3844 Α.
812 3807 898 3854 xvrn,
906 3793 991 3842 which
1003 3792 1058 3842 also
1069 3793 1115 3840 has

148 3875 219 3916 ‘was
230 3867 273 3914 the
284 3867 383 3926 portion
394 3863 423 3912 oi
438 3864 480 3912 the
492 3865 586 3926 clergy,
600 3879 628 3912 as
652 3880 684 3913 no
695 3865 775 3914 break
787 3865 813 3912 in
825 3864 866 3912 the
879 3877 948 3923 year.

164 3938 212 3987 Di·
227 3935 337 3997 1⁴³an
354 3935 400 3983 ΜΒ
416 3934 518 3994 Ροἰῃῐιὲᾰ
529 3939 582 3994 out,
594 3935 627 3983 ἰν·
687 3947 777 3998 'Here
791 3949 854 4009 Reg.
863 3948 976 3996 A.xv111.
985 3945 1115 3994 continues

165 4011 206 4056 30·
245 4005 283 4052 T⁰
305 4005 336 4052 be
363 4003 468 4052 ”sured
495 4001 550 4050 that
577 4003 628 4051 this
652 4018 870 4078 from‘currente‚'
878 4015 988 4064 towards
999 4015 1115 4063 theclose

164 4075 258 4125 should
276 4075 307 4122 he
327 4073 445 4132 fulhlled,
457 4073 489 4120 he
500 4071 574 4121 made
585 4072 627 4120 the
652 4088 729 4137 (ΜΘ
741 4087 877 4148 preceding
887 4099 956 4146 year,

161 4145 233 4194 lords
246 4143 275 4192 oi
287 4142 330 4191 the
347 4142 530 4204 neighbouriug
547 4146 628 4190 towns

162 4211 322 4264 answerable
333 4212 372 4260 ior
382 4212 415 4259 its
426 4211 477 4259 due
488 4210 627 4260 collection.
687 4180 697 4212 ⁴
708 4179 896 4242 ‘SWbfflaes'
909 4178 972 4240 Rig-
985 4178 1019 4228 Α·
1028 4191 1105 4227 xvru.

166 4285 238 4333 Cont.
250 4283 320 4331 Mar.
332 4296 358 4342 p.
370 4284 411 4329 96.
687 4273 697 4304 ⁵
714 4270 846 4336 ‘fuerant'’
859 4274 922 4334 ὡς,
934 4273 967 4322 Α,
979 4284 1054 4322 ΠΜ
