3134 5046
528 503 749 550 cunorucon
1050 486 1116 551 155

161 662 360 738 comitissae,
388 660 589 736 baronissae,
613 675 744 724 necnon
775 659 922 724 dominae
951 667 987 724 et
1008 659 1115 724 domi-

161 763 272 839 cellae,
286 779 365 825 cum
375 769 502 824 caetero
516 759 645 842 populo
661 758 889 836 ¹innarrabili,
902 767 1117 841 supertecta

163 862 383 926 solemnitate
406 860 572 942 gavisuri.
624 859 750 942 Sicque
780 860 870 923 inter
896 859 1018 941 epulas
1040 879 1115 941 pre-

163 963 279 1025 ciosas
313 960 506 1024 'affuerunt
534 966 570 1023 et
599 967 703 1040 potus
736 958 971 1022 delicatissimi
1006 960 1116 1024 abun·

163 1061 287 1125 dantes
298 1060 340 1124 ad
359 1059 594 1142 cujuscunque
609 1059 819 1123 satietatem.
846 1057 943 1122 Inter
959 1057 1116 1124 dominos

165 1169 200 1224 et
213 1160 372 1223 dominus
394 1178 462 1222 non
484 1157 666 1222 doluerunt
691 1157 855 1239 tripudia,
872 1158 1054 1239 amplexus
1072 1158 1116 1222 ad

167 1259 315 1324 invicem
342 1257 603 1322 commiscentes
623 1265 660 1320 et
690 1257 820 1322 oscula.
874 1257 971 1321 Inter
992 1258 1116 1322 milites

167 1359 418 1422 exercebantur
434 1355 699 1440 hastiludia-per
722 1356 872 1420 triduum
892 1358 1115 1436 continuata3

167 1459 210 1522 ab
233 1457 456 1521 histrionibus
480 1473 615 1519 summa
639 1455 679 1520 fit
707 1456 865 1532 melodia,
893 1455 1046 1539 laetaque
1068 1456 1119 1520 di-

169 1575 295 1638 versa3
335 1556 389 1619 bis
418 1555 545 1620 dantur
574 1556 782 1628 mutatoria;
815 1555 868 1618 his
896 1557 1119 1620 abundabant

168 1656 335 1735 donaria3
376 1654 430 1718 bis
458 1655 535 1718 auri
557 1662 592 1718 et
617 1655 753 1736 argenti
777 1654 979 1719 ditabantur
1009 1657 1117 1738 copia.

169 1757 259 1835 Quae
273 1753 411 1838 quidem
422 1753 622 1818 solemnitas
630 1753 772 1818 duravit
787 1753 908 1818 diebus
923 1754 1119 1831 Dominica,

172 1857 291 1931 Lunae,
300 1849 435 1929 Martis,
448 1851 668 1927 etMercurii3
689 1872 758 1934 quo
769 1853 823 1916 die
833 1853 876 1916 ad
888 1861 1035 1930 noctem,
1042 1863 1121 1936 post

170 1955 271 2018 linem
299 1952 575 2029 hastiludiorum,
599 1952 679 2016 lecit
709 1953 868 2016 domiuus
892 1973 953 2016 rex
985 1954 1119 2034 procla-

170 2055 269 2130 mari,
297 2073 340 2116 ne
371 2051 497 2134 aliquis
523 2051 681 2115 dominus
709 2061 771 2116 aut
798 2052 937 2116 domina
963 2053 1120 2119 recedere

169 2159 427 2237 praesumerent,
439 2151 498 2214 sed
513 2171 574 2233 per
590 2171 691 2214 mane
708 2161 944 2234 expectarent,
960 2151 1120 2216 volunta·

171 2262 239 2318 tem
257 2251 388 2316 domini
401 2251 492 2330 regis
508 2251 640 2315 scituri.
683 2251 764 2329 Quo
778 2272 892 2328 manc,
908 2251 974 2315 hoo
988 2259 1053 2327 est,
1066 2252 1121 2315 die

169 2353 193 2417 J
196 2351 284 2428 ovis,
305 2351 576 2432 superveniente,
598 2352 690 2414 circa
712 2350 832 2414 horam
858 2351 1016 2433 primam,
1041 2350 1121 2416 fecit

169 2472 207 2516 se
220 2450 377 2515 dominus
392 2469 454 2513 rex
476 2449 674 2515 solemniter
689 2452 805 2533 parari
827 2451 981 2514 vestibus
999 2452 1121 2531 regali-

171 2553 235 2614 bus
251 2556 286 2614 et
308 2549 540 2623 solemnibus3
565 2550 624 2613 sed
641 2551 799 2631 superius
822 2550 944 2615 habuit
963 2550 1121 2614 indutum

171 2669 278 2714 unum
313 2648 513 2712 mantellum
540 2649 583 2713 dc
617 2648 735 2713 felseto
769 2650 1065 2731 pretiosissimum,
1087 2657 1123 2713 et

173 2767 334 2814 coronam
347 2748 477 2829 regiam
492 2748 653 2829 incapite
667 2749 827 2829 positam.
881 2740 1018 2830 Regina
1032 2748 1123 2812 simi·

172 2849 252 2913 liter
266 2847 477 2912 nobilissime
496 2846 562 2910 fuit
575 2846 766 2928 adornata3
793 2847 948 2924 comiteS,
963 2848 1122 2923 barones,

173 2957 208 3012 et
230 2948 347 3012 caeteri
362 2946 491 3009 domini
513 2953 548 3009 et
572 2946 731 3023 dominae,
749 2966 826 3010 cum
852 2947 943 3010 omni
966 2947 1124 3010 decentia

174 3067 244 3130 qua
271 3053 472 3129 potnerunt,
497 3044 604 3128 juxta
635 3053 844 3128 praeceptum
874 3045 1005 3108 domini
1032 3047 1123 3126 regis

175 3167 253 3211 cum
275 3145 394 3208 eodem
423 3144 515 3225 apud
542 3144 709 3225 capellam
732 3146 767 3207 in
791 3143 937 3208 castello
951 3144 994 3208 de
1013 3143 1123 3226 Wyn·

172 3246 308 3309 delsore
331 3244 558 3326 progressuri,
585 3251 621 3307 et
646 3245 785 3307 missam
813 3242 975 3307 audituri.
1044 3243 1124 3321 Qua

175 3345 361 3418 celebrata,
389 3342 499 3407 exivit
528 3341 686 3406 dominus
713 3363 772 3406 rex
802 3361 823 3405 a
850 3342 995 3424 capella,
1022 3361 1123 3424 quem

173 3443 344 3525 praeibant
366 3440 526 3506 dominus
553 3441 728 3507 chricus
745 3461 860 3506 comes
877 3441 1029 3518 Derbiae,
1048 3449 1125 3505 tau·

175 3561 279 3624 quam
296 3539 529 3604 seneschallus
545 3537 695 3621 Angliae,
709 3549 744 3605 et
758 3541 917 3605 dominus
931 3540 1127 3606 Willelmus

172 3660 291 3705 comes
304 3639 517 3715 Serisberiae,
532 3646 697 3721 tunquam
721 3640 966 3704 mareschallus
977 3638 1127 3722 Angliae,

177 3749 325 3822 utroque
347 3739 461 3802 colore
486 3736 587 3802 officii
617 3740 670 3802 sui
702 3740 834 3821 virgam
866 3741 901 3803 in
924 3759 1028 3803 manu
1050 3759 1126 3821 ges·

177 3831 290 3917 tante3
313 3844 349 3900 et
376 3838 452 3919 ipso
481 3837 621 3901 domino
640 3858 722 3919 rege
748 3847 922 3921 sceptrum
946 3838 1061 3920 regaie
1093 3839 1127 3901 in

177 3957 281 4002 manu
298 3934 459 4001 ³tenente.
489 3936 729 4018 Sequebantur
741 3939 846 4000 etiam
860 3937 998 4000 domina
1009 3937 1128 4017 regina

171 4037 324 4122 juvenis,
339 4035 522 4099 etdomina
536 4037 656 4117 regina
667 4044 787 4112 mater,
800 4037 960 4119 princeps
977 4035 1127 4110 Walliae',
1190 4025 1192 4028 ’

212 4199 218 4227 ¹
239 4198 403 4257 ‘inerrabili,’
415 4198 475 4246 MS.

211 4267 220 4298 ²
239 4271 246 4297 ‘
258 4268 412 4330 affecerunt‚'
424 4268 484 4316 MS.

702 4228 712 4257 ³
729 4230 854 4291 ‘terente'
867 4229 926 4278 MS.
