3134 5046
552 489 776 542 cnuourcon.
1091 475 1135 539 85

173 646 242 710 hoc
259 665 329 709 non
353 648 491 712 fuerunt
509 647 635 724 vocati,
652 650 807 731 exceptis
827 649 947 731 paucis
965 649 1131 731 praelatis,

176 747 238 827 qui
256 746 386 810 clerum
404 749 448 810 ab
466 747 602 831 injuriis
620 747 799 811 defendere
813 768 882 811 non
897 761 1071 814 curarunt.

229 845 333 922 Item,
364 846 428 910 hoc
454 866 555 922 anno,
573 847 629 909 die
653 847 772 911 Sabati
794 848 829 910 in
858 846 947 910 festo
965 847 1261 912 Transis-newu-

178 945 284 1007 tionis
316 946 427 1008 suncti
462 944 661 1012 Benedicti¹
684 947 832 1022 abbatis,
866 965 957 1010 enno
988 915 1256 1015 Dommiill‘tl‘

177 1042 360 1108 millesimo
389 1046 627 1108 trecentesimo
655 1052 792 1122 octavo,
810 1044 894 1108 dicti
920 1047 990 1109 duo
1017 1045 1130 1109 cardi·

178 1142 276 1205 noles
325 1143 542 1206 intraverunt
581 1164 675 1209 mare
717 1145 809 1227 apud
855 1145 1054 1221 Doveriam,
1096 1153 1131 1208 et

175 1241 296 1306 eodem
315 1243 370 1305 die
387 1244 479 1306 circa
494 1242 614 1307 horam
631 1263 757 1308 nonam
782 1244 1023 1326 applicuerunt
1038 1244 1131 1326 apud

175 1340 378 1417 Whitsond,
408 1350 443 1405 et
481 1340 659 1406 lohannes
692 1343 970 1425 archiepiscopus
1002 1350 1036 1406 et
1068 1343 1132 1406 Ri-
1210 1353 1215 1364 '

177 1439 304 1503 cardus
321 1440 562 1505 Dunelmensis
585 1442 767 1524 episcopus
790 1460 867 1505 cum
891 1443 952 1517 eis,
969 1441 1014 1504 ud
1039 1448 1130 1504 trac·

176 1538 321 1602 tandum
362 1539 404 1602 de
432 1560 516 1621 pace
539 1560 617 1604 cum
646 1560 728 1622 rege
758 1541 926 1616 Franciae,
950 1540 980 1604 si
1011 1549 1130 1623 posset

176 1639 252 1704 fieri
280 1638 370 1702 bono
398 1639 512 1704 modo.
565 1640 612 1703 Et
636 1639 691 1703 die
715 1638 816 1705 Jovis
844 1648 926 1704 tunc
953 1646 1129 1722 sequente,
1143 1665 1252 1714 xtnged-
1300 1690 1310 1696 .

176 1736 294 1813 ²xv11.
306 1735 376 1802 kal.
387 1738 553 1820 Augusti,
562 1739 720 1803 dominus
738 1759 813 1816 rex,
827 1746 862 1803 et
879 1739 999 1820 regina
1017 1759 1129 1821 praeg·
1143 1715 1252 1824 iiiiii

178 1856 279 1913 nene,
312 1844 347 1901 et
379 1838 458 1903 duee
496 1839 577 1902 filiae
611 1839 715 1920 regis,
754 1859 831 1902 cum
862 1857 988 1919 magna
1021 1838 1132 1902 classe
1144 1814 1245 1866 ¹¹³⁸''¹⁰¹¹⁵

176 1937 445 2020 quingentarum
472 1938 626 2014 navium,
653 1939 868 2001 intraverunt
907 1956 1002 2000 mare
1039 1937 1131 2018 apud

178 2035 412 2117 Gypeswick3
443 2036 485 2100 de
512 2035 633 2120 ’cujus
660 2037 807 2100 transitu
834 2036 975 2120 quidam
1000 2036 1132 2101 versifi-

179 2141 284 2200 cator
300 2136 494 2220 composuit
510 2136 595 2199 istos
612 2155 755 2200 versus:

262 2259 270 2288 ‘
283 2251 327 2311 M.
341 2253 467 2330 simplex,
483 2252 517 2312 C.
531 2261 582 2324 ter,
598 2252 634 2310 X.
649 2252 761 2330 triplex,
777 2252 813 2311 V.
826 2253 921 2325 semel,
937 2252 958 2310 l.
974 2262 1026 2322 ter,

323 2348 449 2425 Belliger
463 2367 512 2406 rex
527 2348 562 2406 Ε.
578 2357 630 2418 ter,
647 2357 724 2406 trans
738 2367 816 2406 mere
830 2349 949 2426 sumpsit
962 2349 1025 2406 iter.

284 2444 374 2503 Ortus
388 2445 491 2521 vigeno
505 2453 594 2513 sexto,
609 2445 690 2521 regni
704 2444 843 2513 duodeno,

322 2540 388 2598 XV.
401 2541 449 2597 lux
462 2540 542 2610 Julii,
557 2541 589 2597 fit
602 2541 655 2598 sibi
669 2539 794 2617 navigii.⁴

234 2654 281 2717 Et
316 2651 555 2734 applicuerunt
585 2651 677 2733 apud
706 2649 895 2733 Andwarp,
928 2651 986 2715 ubi
1024 2653 1134 2735 prima
1146 2683 1187 2722 ...1
1196 2683 1257 2721 nnc.
1266 2685 1287 2720 n

180 2753 269 2817 facie
298 2772 376 2815 cum
404 2750 533 2816 honore
556 2752 704 2833 recepti:
737 2757 772 2814 et
798 2751 863 2814 sibi
891 2751 1058 2816 dedorunt
1075 2753 1133 2815 ob·
1147 2734 1254 2781 ΔΜ·

182 2853 275 2917 viam
300 2850 425 2915 ibidem
449 2850 520 2914 dux
544 2845 770 2928 ⁵Brabantiae,
786 2851 928 2914 comites
948 2850 1133 2927 Hanoniae,

180 2952 224 3015 de
241 2941 404 3026 ⁶Geldre,
422 2958 457 3013 et
483 2949 525 3013 de
551 2948 681 3027 Julers,
698 2956 733 3013 et
759 2949 818 3012 alii
843 2956 1022 3030 magnates
1053 2969 1133 3031 par·

182 3051 268 3115 tium
294 3050 445 3126 illarum,
459 3048 573 3131 parati
598 3049 640 3113 ad
667 3068 767 3112 suum
784 3049 975 3124 servitium,
990 3055 1030 3112 ut
1055 3048 1132 3112 dix-

184 3157 307 3229 erunt3
343 3148 424 3212 dum
459 3155 573 3212 tamon
606 3147 788 3212 conventio
821 3146 914 3210 facta
939 3155 1134 3212 servaretur

183 3250 325 3325 eisdem,
358 3247 530 3324 videlicet,
570 3248 661 3329 quod
701 3247 892 3312 solveretur
926 3247 976 3309 eis
1008 3266 1136 3327 magna

219 3425 228 3459 ¹
245 3429 265 3476 i.
274 3443 297 3476 e.
308 3427 373 3488 Jnly
385 3430 425 3490 lp.
708 3423 718 3453 ³
734 3419 858 3486 ‘quibue,’
873 3425 936 3486 Reg.
948 3424 982 3473 A.
993 3437 1072 3473 xvnr.

219 3496 232 3546 ².
249 3498 314 3558 Reg.
326 3497 360 3546 A.
370 3509 444 3545 xv111.
456 3497 502 3545 hes
513 3496 650 3547 ‘videlicet
708 3492 717 3521 ⁴
736 3497 802 3543 cut.
816 3496 854 3544 ct.
867 3495 899 3543 E.
912 3494 983 3555 gives
998 3509 1031 3542 en
1042 3495 1137 3543 interli-

186 3568 236 3630 [eic
254 3567 293 3615 sor
304 3563 399 3628 ‘vel’],
416 3565 556 3616 secundum
575 3566 649 3626 ulios,
672 3579 733 3612 near
742 3565 810 3626 gloss
820 3568 846 3611 to
856 3563 927 3612 these
938 3564 1012 3626 lines,
1023 3564 1136 3624 explain·

184 3637 227 3688 die
239 3635 416 3698 praecedente.'
672 3635 716 3696 ing
726 3634 795 3683 them
805 3633 879 3682 thus:

198 3723 248 3770 ‘In
259 3736 324 3770 anno
335 3721 440 3768 Douuu
452 3723 549 3768 ruccomo
559 3719 684 3768 tricesimo
695 3723 793 3779 octavo,

222 3791 335 3852 Scilicet,
346 3789 492 3839 Edwcrdue
503 3790 593 3838 tertius
603 3803 619 3836 a
630 3793 768 3848 conquestu
779 3788 881 3836 intravit
891 3801 969 3835 mere.

220 3862 252 3910 In
264 3874 329 3908 anno
340 3874 357 3908 u
367 3861 498 3908 nativitate
511 3873 559 3907 sua
569 3858 688 3906 vicesimo
700 3862 780 3919 sexto,
791 3862 817 3905 et
827 3871 892 3905 enno
903 3856 974 3916 regni
986 3855 1026 3903 eui
1037 3858 1115 3917 xum,

221 3931 329 3982 Decimo
340 3929 428 3989 quinto
438 3929 480 3977 die
492 3929 584 3977 mensis
595 3927 613 3976 J
615 3927 662 3976 ulii
673 3927 812 3988 parebatur
823 3927 871 3974 sibi
883 3924 1031 3985 navigium!

186 4026 250 4086 Reg.
273 4023 307 4072 A.
331 4035 405 4072 xvnr.
429 4022 493 4070 adds
523 4021 588 4070 after
610 4021 652 4069 the
712 4013 909 4078 ⁶‘Brabuntis,'
921 4017 985 4077 Reg.
997 4015 1030 4065 A.
1041 4027 1118 4066 xv111.

185 4094 292 4156 versee,‘
299 4093 333 4140 Et
342 4093 472 4153 ingressus
480 4104 564 4150 mure3
577 4096 602 4139 et
609 4091 650 4139 die

186 4163 302 4224 sequenti
330 4161 432 4209 intravit
454 4175 533 4221 mere,
554 4161 652 4209 scilicet
711 4155 858 4217 ⁶‘Gelre,'
888 4155 950 4217 Reg.
978 4154 1011 4204 A.
1043 4166 1137 4211 xv111.;

185 4234 284 4282 decimo
301 4231 409 4290 septimo
432 4230 555 4279 kalendas
575 4230 650 4292 Julii,
675 4223 1137 4290 ‘Gilre,'Gott.Gl.E.;i.e.Gueldres.

186 4302 325 4352 secundum
338 4300 419 4349 ulios!
