3146 5038
28 459 30 490 l

28 1099 30 1144 l

28 1161 30 1198 l

28 1289 30 1308 r

28 1323 30 1402 l

516 539 736 590 cunorucou.
1038 527 1103 590 163

200 695 330 760 Eodem
361 717 463 775 anno,
499 700 592 763 circa
620 700 745 764 festum
776 699 916 766 Natalis
946 701 1267 779 murmurmurmur

148 813 264 859 eomes
295 794 483 875 Hauoniae,
511 800 571 881 qui
594 818 633 863 se
656 800 804 863 asseruit
824 819 941 881 regem
967 769 1246 886 Fosiae,312¹ss{{¹1²¹3h

148 895 230 976 quie
251 895 430 961 Frisenses
444 897 628 962 noluerant
644 898 768 963 ditioni
783 917 857 963 sua
880 901 916 963 in
942 902 1101 965 omnibus
1113 879 1231 964 ffler'o·

148 995 398 1077 obtemperare,
423 997 525 1061 duxit
554 1017 670 1061 secum
699 997 889 1062 exercitum
912 1000 1101 1082 copiosum,
1113 968 1250 1078 flffiffiiffn

147 1094 235 1157 iram
253 1111 352 1157 suam
366 1095 402 1158 in
421 1096 597 1161 Frisenses
614 1097 871 1178 vindicaturus3
897 1099 952 1162 cui
969 1100 1103 1163 restite·
1115 1069 1230 1158 iffi«.

149 1199 231 1256 runt
248 1193 439 1272 Frisenses,
456 1196 543 1259 etin
559 1195 718 1261 comitem
734 1215 843 1279 aquas
859 1198 963 1262 meris
979 1199 1105 1263 ducen-

151 1297 216 1369 tes,
241 1293 355 1375 ipsum
381 1313 459 1357 cum
485 1295 608 1379 majori
636 1304 735 1378 parte
763 1297 938 1361 exercitus
966 1298 1020 1361 sui
1044 1299 1105 1361 de-

151 1399 355 1467 merserrmt,
378 1393 465 1457 alios
482 1394 584 1458 aliter
601 1395 826 1477 perimerunt,
843 1396 962 1479 sicque
985 1415 1105 1461 omnes

148 1490 363 1555 lamentabili
385 1493 460 1556 neci
484 1493 722 1558 tradiderunt:
745 1513 824 1577 quoe
849 1496 987 1578 quidem
1011 1515 1104 1560 mors

151 1591 226 1671 regi
257 1598 293 1654 et
322 1591 451 1672 reginae
480 1591 620 1676 Angliee
653 1593 719 1657 fuit
750 1594 900 1658 maxime
932 1594 1103 1671 dolorosa,

151 1707 195 1751 ex
221 1708 263 1754 eo
279 1689 371 1772 quod
394 1709 508 1756 comes
532 1691 719 1775 praedictus
736 1694 855 1757 extitit
881 1693 988 1758 frater
1012 1695 1104 1778 ejus-

150 1788 228 1852 dem
266 1788 408 1871 regina,
445 1799 480 1855 et
524 1792 656 1858 amicus
697 1792 789 1874 regis
823 1792 954 1856 solidus
990 1800 1026 1858 et
1051 1813 1105 1858 se·

151 1906 265 1951 curus.

152 2127 299 2177 chamolt
323 2131 451 2180 POPULl
478 2127 670 2179 COMMUNIS
693 2130 840 2179 CONTRA
874 2129 1105 2179 Puovlsouus.

205 2227 280 2275 REX
314 2230 576 2279 TRANSFRETAT
608 2230 647 2278 IN
676 2229 879 2278 FRANGlAM.
933 2229 1106 2278 PRAELIUM

204 2327 302 2375 APUD
326 2329 473 2378 GRESSY.
527 2329 601 2377 REX
628 2329 797 2377 FRANGIAE
824 2329 1006 2378 FUGA'I'UR.

205 2484 312 2552 Anno
335 2488 477 2552 Dourru
494 2488 676 2552 millesimo
693 2487 935 2551 trecentesimo
956 2486 1106 2569 quadro·
1119 2503 1210 2564 corun
1229 2555 1238 2590 t

155 2585 284 2667 gesimo
302 2595 415 2664 sexto,
443 2587 664 2671 pontificatus
687 2607 770 2651 vero
793 2605 894 2669 papae
917 2585 1105 2651 Clementis
1118 2555 1245 2692 ῗὲΞῗιῗΞΞῗιο
1310 2614 1318 2622 ·

156 2686 247 2749 sexti
272 2703 363 2751 euno
380 2688 513 2770 quinto,
528 2693 564 2751 et
586 2685 685 2768 regni
718 2687 811 2767 regis
828 2686 990 2750 Edwardi
1013 2687 1106 2752 tertii
1118 2665 1204 2764 ssfvyfnr
1207 2711 1259 2790 pre

154 2803 175 2848 a
201 2794 390 2868 conquestu
416 2787 591 2863 vicesimo,
613 2793 693 2868 post
719 2785 844 2850 festum
870 2785 1005 2850 Natalis
1031 2786 1105 2849 Do·
1119 2762 1239 2851 ἶιῖῗῗῖῗῗιὲἷ

159 2899 253 2961 unul,
279 2905 341 2948 rex
366 2905 387 2948 a
416 2886 544 2969 populo
571 2903 635 2949 suo
656 2885 842 2961 communi,
874 2903 952 2948 cum
979 2884 1107 2948 auditis
1119 2865 1166 2894 m

159 2983 365 3048 clamoribus
387 2993 423 3049 et
439 2985 599 3068 querelis,
625 3003 666 3048 eo
694 2984 786 3067 quod
813 2984 1011 3066 provisores
1034 2984 1105 3046 vic·

157 3083 300 3147 tualium
318 3102 381 3166 pro
398 3084 548 3166 hospitio
569 3103 633 3147 suo
653 3103 690 3147 se
707 3084 797 3147 male
813 3083 1008 3146 habuerunt
1020 3081 1110 3146 inter

154 3183 333 3264 populum,
344 3185 434 3248 bona
449 3203 525 3261 sua,
537 3184 668 3247 scilicet
680 3183 795 3260 blada,
807 3183 950 3259 foenum,
960 3182 1108 3257 literam,

154 3300 249 3359 oves,
266 3283 385 3360 boves,
407 3301 525 3360 aucas,
543 3291 578 3347 et
601 3283 762 3364 gallinas,
782 3299 902 3346 carnes
925 3287 961 3345 et
983 3281 1108 3363 pisces,

155 3388 192 3444 et
213 3382 378 3464 quicquid
401 3382 518 3446 mandi
545 3382 673 3465 potuit,
695 3381 882 3463 capientes,
900 3381 969 3444 imo
990 3381 1109 3463 potius

155 3480 340 3561 rapientes,
363 3481 515 3565 nihilque
532 3482 717 3557 solventes,
734 3481 899 3563 praecepit
915 3486 954 3544 ut
970 3479 1110 3564 justitia

156 3579 252 3644 fieret
287 3579 394 3664 juxta
436 3589 729 3672 transgressorum
770 3580 957 3660 demerita3
1006 3599 1110 3660 super

155 3679 291 3760 quibus,
307 3678 528 3764 inquisitione
553 3688 668 3762 capta,
695 3679 811 3761 plures
838 3679 1004 3761 comperti
1034 3677 1108 3742 sue·

157 3785 236 3841 runt
269 3778 460 3860 culpabiles
489 3780 526 3842 in
554 3778 621 3842 hac
646 3785 757 3860 parte,
785 3778 876 3841 uude
906 3777 1045 3860 qnidam
1063 3795 1108 3841 ex

156 3877 330 3959 praedictis
348 3879 528 3942 subierunt
542 3877 775 3960 suspendium,
793 3877 933 3959 quidam
949 3893 1032 3939 vero
1054 3895 1108 3937 re·

156 3975 388 4059 demptionem
405 3977 572 4053 fecerunt,
589 3978 640 4040 ita
659 3977 751 4058 quod
774 3977 810 4038 in
829 3982 1005 4057 posterum
1020 3973 1108 4036 didi·

157 4082 277 4138 cerunt
293 4077 430 4140 cautius
446 4076 628 4158 negotiari.

207 4174 310 4238 Circa
334 4176 426 4240 idem
461 4184 597 4258 tempus
628 4175 786 4238 dominus
814 4192 889 4249 rex,
918 4171 1109 4254 percipiens
1122 4191 1240 4280 qtqfflpqe

157 4293 200 4337 ex
217 4276 388 4339 communi
404 4276 544 4358 querela
567 4274 658 4357 quod
675 4273 857 4357 justitiarii
887 4272 940 4336 sui
963 4271 1000 4334 in
1014 4290 1111 4335 curra
1124 4291 1232 4332 saure-01

936 4404 954 4438 nr
966 4395 982 4439 2
