<?xml version="1.0" encoding="UTF-8"?>
<!DOCTYPE html PUBLIC "-//W3C//DTD XHTML 1.0 Transitional//EN"
    "http://www.w3.org/TR/xhtml1/DTD/xhtml1-transitional.dtd">
<html xmlns="http://www.w3.org/1999/xhtml" xml:lang="en" lang="en">
 <head>
  <title>
</title>
<meta http-equiv="Content-Type" content="text/html;charset=utf-8" />
  <meta name='ocr-system' content='tesseract 3.04.00' />
  <meta name='ocr-capabilities' content='ocr_page ocr_carea ocr_par ocr_line ocrx_word'/>
</head>
<body>
  <div class='ocr_page' id='page_1' title='image "adamimurimuthen00hoggoog_0035.png"; bbox 0 0 3164 5054; ppageno 0'>
   <div class='ocr_carea' id='block_1_1' title="bbox 560 469 1156 536">
    <p class='ocr_par' dir='ltr' id='par_1_1' title="bbox 560 469 1156 536">
     <span class='ocr_line' id='line_1_1' title="bbox 560 469 1156 536; baseline 0 -2"><span class='ocrx_word' id='word_1_1' title='bbox 560 485 791 536; x_wconf 82' lang='lat' dir='ltr'>cusonroou.</span> <span class='ocrx_word' id='word_1_2' title='bbox 1133 469 1156 534; x_wconf 89' lang='grc'>9</span> 
     </span>
    </p>
   </div>
   <div class='ocr_carea' id='block_1_2' title="bbox 200 642 1314 1402">
    <p class='ocr_par' dir='ltr' id='par_1_2' title="bbox 200 642 1314 926">
     <span class='ocr_line' id='line_1_2' title="bbox 200 642 1283 728; baseline 0.005 -22"><span class='ocrx_word' id='word_1_3' title='bbox 200 663 271 706; x_wconf 92' lang='lat' dir='ltr'>non</span> <span class='ocrx_word' id='word_1_4' title='bbox 293 642 480 726; x_wconf 87' lang='lat' dir='ltr'>sepultum,</span> <span class='ocrx_word' id='word_1_5' title='bbox 497 644 558 708; x_wconf 84' lang='lat' dir='ltr'>sed</span> <span class='ocrx_word' id='word_1_6' title='bbox 581 644 742 709; x_wconf 83' lang='lat' dir='ltr'>deferri</span> <span class='ocrx_word' id='word_1_7' title='bbox 732 666 767 708; x_wconf 84' lang='grc' dir='ltr'>ιιι</span> <span class='ocrx_word' id='word_1_8' title='bbox 793 644 947 709; x_wconf 81' lang='lat' dir='ltr'>exercitd</span> <span class='ocrx_word' id='word_1_9' title='bbox 972 662 1154 728; x_wconf 85' lang='lat' dir='ltr'>quousque</span> <span class='ocrx_word' id='word_1_10' title='bbox 1166 671 1270 721; x_wconf 73' lang='lat' dir='ltr'>nn</span> <span class='ocrx_word' id='word_1_11' title='bbox 1212 671 1283 721; x_wconf 59' lang='lat' dir='ltr'>semo</span> 
     </span>
     <span class='ocr_line' id='line_1_3' title="bbox 202 722 1314 826; baseline 0.001 -21"><span class='ocrx_word' id='word_1_12' title='bbox 202 748 279 806; x_wconf 86' lang='lat' dir='ltr'>tota</span> <span class='ocrx_word' id='word_1_13' title='bbox 304 743 424 807; x_wconf 85' lang='lat' dir='ltr'>Scotiu</span> <span class='ocrx_word' id='word_1_14' title='bbox 447 751 539 808; x_wconf 89' lang='lat' dir='ltr'>esset</span> <span class='ocrx_word' id='word_1_15' title='bbox 563 744 714 808; x_wconf 79' lang='lat' dir='ltr'>finaliter</span> <span class='ocrx_word' id='word_1_16' title='bbox 739 743 934 826; x_wconf 81' lang='lat' dir='ltr'>adquisitu3</span> <span class='ocrx_word' id='word_1_17' title='bbox 967 742 1028 808; x_wconf 84' lang='lat' dir='ltr'>sed</span> <span class='ocrx_word' id='word_1_18' title='bbox 1044 742 1055 777; x_wconf 86' lang='lat'>¹</span> <span class='ocrx_word' id='word_1_19' title='bbox 1073 733 1178 826; x_wconf 85' lang='lat' dir='ltr'>quiu⁰</span> <span class='ocrx_word' id='word_1_20' title='bbox 1166 722 1286 762; x_wconf 55' lang='lat' dir='ltr'>”dm</span> <span class='ocrx_word' id='word_1_21' title='bbox 1296 722 1314 762; x_wconf 82' lang='lat'>¹⁴</span> 
     </span>
     <span class='ocr_line' id='line_1_4' title="bbox 201 840 1154 926; baseline 0.006 -23"><span class='ocrx_word' id='word_1_22' title='bbox 201 840 266 904; x_wconf 88' lang='lat' dir='ltr'>hoc</span> <span class='ocrx_word' id='word_1_23' title='bbox 293 843 506 907; x_wconf 83' lang='lat' dir='ltr'>mandatum</span> <span class='ocrx_word' id='word_1_24' title='bbox 530 863 599 907; x_wconf 93' lang='lat' dir='ltr'>non</span> <span class='ocrx_word' id='word_1_25' title='bbox 629 844 745 926; x_wconf 90' lang='lat' dir='ltr'>potuit</span> <span class='ocrx_word' id='word_1_26' title='bbox 777 842 913 908; x_wconf 86' lang='lat' dir='ltr'>effectui</span> <span class='ocrx_word' id='word_1_27' title='bbox 942 842 1154 920; x_wconf 82' lang='lat' dir='ltr'>demandari,</span> 
     </span>
    </p>

    <p class='ocr_par' dir='ltr' id='par_1_3' title="bbox 202 939 1154 1025">
     <span class='ocr_line' id='line_1_5' title="bbox 202 939 1154 1025; baseline 0.002 -23"><span class='ocrx_word' id='word_1_28' title='bbox 202 939 268 1003; x_wconf 88' lang='lat' dir='ltr'>snit</span> <span class='ocrx_word' id='word_1_29' title='bbox 286 959 411 1024; x_wconf 85' lang='lat' dir='ltr'>corpus</span> <span class='ocrx_word' id='word_1_30' title='bbox 428 940 552 1025; x_wconf 76' lang='lat' dir='ltr'>²[ejus]</span> <span class='ocrx_word' id='word_1_31' title='bbox 569 941 722 1008; x_wconf 80' lang='lat' dir='ltr'>delatum</span> <span class='ocrx_word' id='word_1_32' title='bbox 737 942 773 1006; x_wconf 93' lang='lat' dir='ltr'>in</span> <span class='ocrx_word' id='word_1_33' title='bbox 791 940 969 1024; x_wconf 85' lang='lat' dir='ltr'>Anglium,</span> <span class='ocrx_word' id='word_1_34' title='bbox 986 949 1023 1005; x_wconf 86' lang='lat' dir='ltr'>et</span> <span class='ocrx_word' id='word_1_35' title='bbox 1037 940 1154 1023; x_wconf 86' lang='lat' dir='ltr'>sepul·</span> 
     </span>
    </p>

    <p class='ocr_par' dir='ltr' id='par_1_4' title="bbox 201 1040 1156 1218">
     <span class='ocr_line' id='line_1_6' title="bbox 201 1040 1156 1122; baseline 0.003 -21"><span class='ocrx_word' id='word_1_36' title='bbox 201 1045 276 1102; x_wconf 90' lang='lat' dir='ltr'>tum</span> <span class='ocrx_word' id='word_1_37' title='bbox 301 1041 393 1122; x_wconf 85' lang='lat' dir='ltr'>apud</span> <span class='ocrx_word' id='word_1_38' title='bbox 416 1040 765 1106; x_wconf 77' lang='lat' dir='ltr'><strong>westmonasterium</strong></span> <span class='ocrx_word' id='word_1_39' title='bbox 793 1061 885 1104; x_wconf 83' lang='lat' dir='ltr'>anno</span> <span class='ocrx_word' id='word_1_40' title='bbox 917 1041 1076 1121; x_wconf 88' lang='lat' dir='ltr'>proxime</span> <span class='ocrx_word' id='word_1_41' title='bbox 1101 1060 1156 1104; x_wconf 86' lang='lat' dir='ltr'>se·</span> 
     </span>
     <span class='ocr_line' id='line_1_7' title="bbox 201 1138 1154 1218; baseline 0.003 -18"><span class='ocrx_word' id='word_1_42' title='bbox 201 1139 333 1218; x_wconf 86' lang='lat' dir='ltr'>quenti,</span> <span class='ocrx_word' id='word_1_43' title='bbox 355 1139 448 1203; x_wconf 82' lang='lat' dir='ltr'>circu</span> <span class='ocrx_word' id='word_1_44' title='bbox 464 1138 590 1204; x_wconf 85' lang='lat' dir='ltr'>festum</span> <span class='ocrx_word' id='word_1_45' title='bbox 617 1138 838 1204; x_wconf 75' lang='lat' dir='ltr'>&#39;sanctorum</span> <span class='ocrx_word' id='word_1_46' title='bbox 863 1139 1014 1203; x_wconf 89' lang='lat' dir='ltr'>Simonis</span> <span class='ocrx_word' id='word_1_47' title='bbox 1034 1146 1070 1203; x_wconf 86' lang='lat' dir='ltr'>et</span> <span class='ocrx_word' id='word_1_48' title='bbox 1089 1139 1112 1203; x_wconf 85' lang='lat' dir='ltr'>J</span> <span class='ocrx_word' id='word_1_49' title='bbox 1115 1159 1154 1202; x_wconf 91' lang='lat' dir='ltr'>u·</span> 
     </span>
    </p>

    <p class='ocr_par' dir='ltr' id='par_1_5' title="bbox 201 1237 1154 1402">
     <span class='ocr_line' id='line_1_8' title="bbox 202 1237 1154 1321; baseline 0 -20"><span class='ocrx_word' id='word_1_50' title='bbox 202 1237 268 1311; x_wconf 87' lang='lat' dir='ltr'>dae,</span> <span class='ocrx_word' id='word_1_51' title='bbox 288 1254 425 1302; x_wconf 84' lang='lat' dir='ltr'>xxv111.</span> <span class='ocrx_word' id='word_1_52' title='bbox 442 1239 497 1302; x_wconf 88' lang='lat' dir='ltr'>die</span> <span class='ocrx_word' id='word_1_53' title='bbox 515 1239 688 1320; x_wconf 76' lang='lat' dir='ltr'>Octobris,</span> <span class='ocrx_word' id='word_1_54' title='bbox 706 1239 748 1303; x_wconf 90' lang='lat' dir='ltr'>de</span> <span class='ocrx_word' id='word_1_55' title='bbox 769 1259 838 1320; x_wconf 92' lang='lat' dir='ltr'>quo</span> <span class='ocrx_word' id='word_1_56' title='bbox 859 1238 997 1321; x_wconf 87' lang='lat' dir='ltr'>scripsit</span> <span class='ocrx_word' id='word_1_57' title='bbox 1014 1238 1154 1320; x_wconf 86' lang='lat' dir='ltr'>quidem</span> 
     </span>
     <span class='ocr_line' id='line_1_9' title="bbox 201 1336 503 1402; baseline 0.003 -2"><span class='ocrx_word' id='word_1_58' title='bbox 201 1336 417 1402; x_wconf 83' lang='lat' dir='ltr'>versificator</span> <span class='ocrx_word' id='word_1_59' title='bbox 433 1339 503 1401; x_wconf 84' lang='lat' dir='ltr'>sic:</span> 
     </span>
    </p>
   </div>
   <div class='ocr_carea' id='block_1_3' title="bbox 262 1477 1063 1653">
    <p class='ocr_par' dir='ltr' id='par_1_6' title="bbox 262 1477 1063 1653">
     <span class='ocr_line' id='line_1_10' title="bbox 262 1477 1016 1557; baseline 0.001 -21"><span class='ocrx_word' id='word_1_60' title='bbox 262 1477 361 1536; x_wconf 90' lang='lat' dir='ltr'>‘Dum</span> <span class='ocrx_word' id='word_1_61' title='bbox 375 1478 465 1555; x_wconf 82' lang='lat' dir='ltr'>viguit</span> <span class='ocrx_word' id='word_1_62' title='bbox 478 1497 526 1536; x_wconf 86' lang='lat' dir='ltr'>rex</span> <span class='ocrx_word' id='word_1_63' title='bbox 542 1487 571 1536; x_wconf 88' lang='lat' dir='ltr'>et</span> <span class='ocrx_word' id='word_1_64' title='bbox 583 1477 673 1537; x_wconf 82' lang='lat' dir='ltr'>veluit</span> <span class='ocrx_word' id='word_1_65' title='bbox 685 1482 754 1536; x_wconf 80' lang='lat' dir='ltr'>⁴sua</span> <span class='ocrx_word' id='word_1_66' title='bbox 767 1497 870 1556; x_wconf 80' lang='lat' dir='ltr'>magna</span> <span class='ocrx_word' id='word_1_67' title='bbox 884 1489 1016 1557; x_wconf 81' lang='lat' dir='ltr'>potestas,</span> 
     </span>
     <span class='ocr_line' id='line_1_11' title="bbox 281 1571 1063 1653; baseline 0.004 -23"><span class='ocrx_word' id='word_1_68' title='bbox 281 1571 370 1631; x_wconf 82' lang='lat' dir='ltr'>Fraus</span> <span class='ocrx_word' id='word_1_69' title='bbox 384 1574 475 1644; x_wconf 80' lang='lat' dir='ltr'>latuit,</span> <span class='ocrx_word' id='word_1_70' title='bbox 489 1593 543 1653; x_wconf 78' lang='lat' dir='ltr'>pax</span> <span class='ocrx_word' id='word_1_71' title='bbox 557 1593 660 1652; x_wconf 82' lang='lat' dir='ltr'>magns</span> <span class='ocrx_word' id='word_1_72' title='bbox 673 1575 736 1646; x_wconf 83' lang='lat' dir='ltr'>fuit,</span> <span class='ocrx_word' id='word_1_73' title='bbox 750 1575 880 1651; x_wconf 77' lang='lat' dir='ltr'>regnavit</span> <span class='ocrx_word' id='word_1_74' title='bbox 893 1574 1036 1633; x_wconf 82' lang='lat' dir='ltr'>honestes.</span> <span class='ocrx_word' id='word_1_75' title='bbox 1038 1574 1063 1616; x_wconf 79' lang='lat'>‘⁵</span> 
     </span>
    </p>
   </div>
   <div class='ocr_carea' id='block_1_4' title="bbox 199 1732 1335 1922">
    <p class='ocr_par' dir='ltr' id='par_1_7' title="bbox 201 1732 1335 1922">
     <span class='ocr_line' id='line_1_12' title="bbox 201 1732 1335 1812; baseline 0.004 -17"><span class='ocrx_word' id='word_1_76' title='bbox 201 1732 268 1796; x_wconf 88' lang='lat' dir='ltr'>Cui</span> <span class='ocrx_word' id='word_1_77' title='bbox 285 1733 451 1798; x_wconf 87' lang='lat' dir='ltr'>successit</span> <span class='ocrx_word' id='word_1_78' title='bbox 466 1734 712 1798; x_wconf 82' lang='lat' dir='ltr'>Edwardnsde</span> <span class='ocrx_word' id='word_1_79' title='bbox 727 1733 933 1799; x_wconf 82' lang='lat' dir='ltr'>Carnarvan</span> <span class='ocrx_word' id='word_1_80' title='bbox 950 1735 1041 1798; x_wconf 91' lang='lat' dir='ltr'>filius</span> <span class='ocrx_word' id='word_1_81' title='bbox 1055 1754 1151 1812; x_wconf 88' lang='lat' dir='ltr'>snus,</span> <span class='ocrx_word' id='word_1_82' title='bbox 1163 1759 1275 1800; x_wconf 65' lang='lat' dir='ltr'>Amnon</span> <span class='ocrx_word' id='word_1_83' title='bbox 1285 1761 1308 1800; x_wconf 72' lang='grc' dir='ltr'>οι</span> <span class='ocrx_word' id='word_1_84' title='bbox 1332 1760 1335 1765; x_wconf 94' lang='grc'><em>·</em></span> 
     </span>
     <span class='ocr_line' id='line_1_13' title="bbox 199 1811 1293 1922; baseline 0.003 -27.039"><span class='ocrx_word' id='word_1_85' title='bbox 199 1822 286 1914; x_wconf 82' lang='lat' dir='ltr'>⁶qui,</span> <span class='ocrx_word' id='word_1_86' title='bbox 302 1833 420 1896; x_wconf 83' lang='lat' dir='ltr'>statim</span> <span class='ocrx_word' id='word_1_87' title='bbox 431 1841 512 1916; x_wconf 84' lang='lat' dir='ltr'>post</span> <span class='ocrx_word' id='word_1_88' title='bbox 529 1841 674 1897; x_wconf 90' lang='lat' dir='ltr'>mortem</span> <span class='ocrx_word' id='word_1_89' title='bbox 686 1833 840 1917; x_wconf 84' lang='lat' dir='ltr'>ejusdem</span> <span class='ocrx_word' id='word_1_90' title='bbox 851 1835 962 1915; x_wconf 82' lang='lat' dir='ltr'>patris</span> <span class='ocrx_word' id='word_1_91' title='bbox 978 1835 1044 1910; x_wconf 88' lang='lat' dir='ltr'>sui,</span> <span class='ocrx_word' id='word_1_92' title='bbox 1055 1853 1152 1897; x_wconf 86' lang='lat' dir='ltr'>revo-</span> <span class='ocrx_word' id='word_1_93' title='bbox 1155 1811 1293 1922; x_wconf 42' lang='lat'>&amp;3¹⁴</span> 
     </span>
    </p>
   </div>
   <div class='ocr_carea' id='block_1_5' title="bbox 199 1931 1287 2510">
    <p class='ocr_par' dir='ltr' id='par_1_8' title="bbox 199 1931 1287 2510">
     <span class='ocr_line' id='line_1_14' title="bbox 200 1931 1287 2009; baseline 0.004 -16"><span class='ocrx_word' id='word_1_94' title='bbox 200 1931 295 1995; x_wconf 83' lang='lat' dir='ltr'>cavit</span> <span class='ocrx_word' id='word_1_95' title='bbox 327 1931 469 1996; x_wconf 90' lang='lat' dir='ltr'>Petrum</span> <span class='ocrx_word' id='word_1_96' title='bbox 494 1933 536 1996; x_wconf 87' lang='lat' dir='ltr'>dc</span> <span class='ocrx_word' id='word_1_97' title='bbox 564 1931 783 1997; x_wconf 83' lang='lat' dir='ltr'>Geverstone</span> <span class='ocrx_word' id='word_1_98' title='bbox 810 1933 854 1995; x_wconf 86' lang='lat' dir='ltr'>ab</span> <span class='ocrx_word' id='word_1_99' title='bbox 881 1933 987 1995; x_wconf 90' lang='lat' dir='ltr'>exilio</span> <span class='ocrx_word' id='word_1_100' title='bbox 1009 1951 1086 2009; x_wconf 87' lang='lat' dir='ltr'>suo,</span> <span class='ocrx_word' id='word_1_101' title='bbox 1116 1933 1287 1997; x_wconf 71' lang='lat' dir='ltr'>ct⁰⁸&#39;⁸¹¹‘⁰¹¹</span> 
     </span>
     <span class='ocr_line' id='line_1_15' title="bbox 200 2029 1151 2106; baseline 0.002 -14"><span class='ocrx_word' id='word_1_102' title='bbox 200 2029 296 2094; x_wconf 80' lang='lat' dir='ltr'>dedit</span> <span class='ocrx_word' id='word_1_103' title='bbox 328 2031 394 2094; x_wconf 90' lang='lat' dir='ltr'>sibi</span> <span class='ocrx_word' id='word_1_104' title='bbox 433 2033 632 2095; x_wconf 81' lang='lat' dir='ltr'>comitatum</span> <span class='ocrx_word' id='word_1_105' title='bbox 664 2030 861 2106; x_wconf 79' lang='lat' dir='ltr'>cornubiae,</span> <span class='ocrx_word' id='word_1_106' title='bbox 893 2038 929 2095; x_wconf 88' lang='lat' dir='ltr'>et</span> <span class='ocrx_word' id='word_1_107' title='bbox 962 2030 1058 2095; x_wconf 86' lang='lat' dir='ltr'>dedit</span> <span class='ocrx_word' id='word_1_108' title='bbox 1084 2031 1151 2096; x_wconf 87' lang='lat' dir='ltr'>sibi</span> 
     </span>
     <span class='ocr_line' id='line_1_16' title="bbox 201 2127 1151 2206; baseline 0.003 -16"><span class='ocrx_word' id='word_1_109' title='bbox 201 2128 309 2191; x_wconf 84' lang='lat' dir='ltr'>filium</span> <span class='ocrx_word' id='word_1_110' title='bbox 334 2131 461 2196; x_wconf 88' lang='lat' dir='ltr'>sororis</span> <span class='ocrx_word' id='word_1_111' title='bbox 478 2150 563 2205; x_wconf 84' lang='lat' dir='ltr'>suae,</span> <span class='ocrx_word' id='word_1_112' title='bbox 583 2131 647 2195; x_wconf 82' lang='lat' dir='ltr'>vin.</span> <span class='ocrx_word' id='word_1_113' title='bbox 665 2131 771 2194; x_wconf 81' lang='lat' dir='ltr'>filium</span> <span class='ocrx_word' id='word_1_114' title='bbox 786 2129 922 2193; x_wconf 90' lang='lat' dir='ltr'>comitis</span> <span class='ocrx_word' id='word_1_115' title='bbox 934 2127 1151 2206; x_wconf 87' lang='lat' dir='ltr'>Gloccstriae,</span> 
     </span>
     <span class='ocr_line' id='line_1_17' title="bbox 201 2228 1150 2311; baseline 0.002 -21"><span class='ocrx_word' id='word_1_116' title='bbox 201 2228 237 2290; x_wconf 93' lang='lat' dir='ltr'>in</span> <span class='ocrx_word' id='word_1_117' title='bbox 270 2238 427 2307; x_wconf 81' lang='lat' dir='ltr'>uxorem,</span> <span class='ocrx_word' id='word_1_118' title='bbox 453 2237 489 2294; x_wconf 85' lang='lat' dir='ltr'>et</span> <span class='ocrx_word' id='word_1_119' title='bbox 518 2230 627 2311; x_wconf 84' lang='lat' dir='ltr'>ipsius</span> <span class='ocrx_word' id='word_1_120' title='bbox 660 2229 755 2293; x_wconf 90' lang='lat' dir='ltr'>Petri</span> <span class='ocrx_word' id='word_1_121' title='bbox 783 2228 928 2293; x_wconf 89' lang='lat' dir='ltr'>consilio</span> <span class='ocrx_word' id='word_1_122' title='bbox 953 2230 1150 2310; x_wconf 85' lang='lat' dir='ltr'>regebatur,</span> 
     </span>
     <span class='ocr_line' id='line_1_18' title="bbox 201 2326 1149 2408; baseline 0.001 -19"><span class='ocrx_word' id='word_1_123' title='bbox 201 2329 328 2408; x_wconf 84' lang='lat' dir='ltr'>spretis</span> <span class='ocrx_word' id='word_1_124' title='bbox 362 2329 514 2392; x_wconf 90' lang='lat' dir='ltr'>consiliis</span> <span class='ocrx_word' id='word_1_125' title='bbox 547 2329 694 2392; x_wconf 83' lang='lat' dir='ltr'>aliorum</span> <span class='ocrx_word' id='word_1_126' title='bbox 724 2326 904 2404; x_wconf 90' lang='lat' dir='ltr'>nobilium,</span> <span class='ocrx_word' id='word_1_127' title='bbox 938 2326 993 2392; x_wconf 89' lang='lat' dir='ltr'>vel</span> <span class='ocrx_word' id='word_1_128' title='bbox 1032 2347 1149 2392; x_wconf 87' lang='lat' dir='ltr'>eorum</span> 
     </span>
     <span class='ocr_line' id='line_1_19' title="bbox 199 2427 1150 2510; baseline 0.002 -22"><span class='ocrx_word' id='word_1_129' title='bbox 199 2427 386 2509; x_wconf 79' lang='lat' dir='ltr'>praecipue,</span> <span class='ocrx_word' id='word_1_130' title='bbox 402 2447 547 2510; x_wconf 89' lang='lat' dir='ltr'>quorum</span> <span class='ocrx_word' id='word_1_131' title='bbox 567 2427 710 2492; x_wconf 89' lang='lat' dir='ltr'>consilio</span> <span class='ocrx_word' id='word_1_132' title='bbox 734 2432 835 2508; x_wconf 87' lang='lat' dir='ltr'>puter</span> <span class='ocrx_word' id='word_1_133' title='bbox 855 2444 939 2489; x_wconf 89' lang='lat' dir='ltr'>suus</span> <span class='ocrx_word' id='word_1_134' title='bbox 961 2446 1033 2508; x_wconf 84' lang='lat' dir='ltr'>pree</span> <span class='ocrx_word' id='word_1_135' title='bbox 1049 2437 1150 2490; x_wconf 86' lang='lat' dir='ltr'>caetc·</span> 
     </span>
    </p>
   </div>
   <div class='ocr_carea' id='block_1_6' title="bbox 198 2522 1269 2649">
    <p class='ocr_par' dir='ltr' id='par_1_9' title="bbox 198 2522 1269 2649">
     <span class='ocr_line' id='line_1_20' title="bbox 198 2522 1269 2649; baseline 0.008 -62"><span class='ocrx_word' id='word_1_136' title='bbox 198 2527 247 2588; x_wconf 90' lang='lat' dir='ltr'>ris</span> <span class='ocrx_word' id='word_1_137' title='bbox 265 2527 437 2591; x_wconf 81' lang='lat' dir='ltr'>utebatur.</span> <span class='ocrx_word' id='word_1_138' title='bbox 491 2526 538 2590; x_wconf 90' lang='lat' dir='ltr'>Et</span> <span class='ocrx_word' id='word_1_139' title='bbox 553 2525 727 2604; x_wconf 90' lang='lat' dir='ltr'>dominnm</span> <span class='ocrx_word' id='word_1_140' title='bbox 746 2522 970 2590; x_wconf 89' lang='lat' dir='ltr'>Willielmum</span> <span class='ocrx_word' id='word_1_141' title='bbox 995 2526 1038 2589; x_wconf 91' lang='lat' dir='ltr'>de</span> <span class='ocrx_word' id='word_1_142' title='bbox 1055 2526 1149 2589; x_wconf 81' lang='lat' dir='ltr'>Len·</span> <span class='ocrx_word' id='word_1_143' title='bbox 1135 2547 1269 2649; x_wconf 53' lang='lat' dir='ltr'>-fflffi</span> 
     </span>
    </p>
   </div>
   <div class='ocr_carea' id='block_1_7' title="bbox 197 2624 1298 2749">
    <p class='ocr_par' dir='ltr' id='par_1_10' title="bbox 197 2624 1298 2749">
     <span class='ocr_line' id='line_1_21' title="bbox 197 2624 1298 2749; baseline 0.001 -62"><span class='ocrx_word' id='word_1_144' title='bbox 197 2632 335 2704; x_wconf 75' lang='lat' dir='ltr'>gelone,</span> <span class='ocrx_word' id='word_1_145' title='bbox 364 2626 564 2708; x_wconf 90' lang='lat' dir='ltr'>episcopum</span> <span class='ocrx_word' id='word_1_146' title='bbox 588 2624 870 2700; x_wconf 85' lang='lat' dir='ltr'>Goventrensem,</span> <span class='ocrx_word' id='word_1_147' title='bbox 893 2625 953 2706; x_wconf 89' lang='lat' dir='ltr'>qui</span> <span class='ocrx_word' id='word_1_148' title='bbox 981 2624 1046 2688; x_wconf 89' lang='lat' dir='ltr'>fuit</span> <span class='ocrx_word' id='word_1_149' title='bbox 1073 2625 1148 2688; x_wconf 88' lang='lat' dir='ltr'>the·</span> <span class='ocrx_word' id='word_1_150' title='bbox 1134 2649 1298 2749; x_wconf 20' lang='lat' dir='ltr'>unffi&amp;</span> 
     </span>
    </p>
   </div>
   <div class='ocr_carea' id='block_1_8' title="bbox 234 2765 1150 2838">
    <p class='ocr_par' dir='ltr' id='par_1_11' title="bbox 234 2765 1150 2838">
     <span class='ocr_line' id='line_1_22' title="bbox 234 2765 1150 2838; baseline -0.004 -14"><span class='ocrx_word' id='word_1_151' title='bbox 234 2773 355 2838; x_wconf 71' lang='lat' dir='ltr'>“quie,&#39;</span> <span class='ocrx_word' id='word_1_152' title='bbox 363 2775 485 2824; x_wconf 77' lang='lat' dir='ltr'>omitted</span> <span class='ocrx_word' id='word_1_153' title='bbox 477 2791 504 2826; x_wconf 81' lang='lat' dir='ltr'>un</span> <span class='ocrx_word' id='word_1_154' title='bbox 513 2776 600 2836; x_wconf 74' lang='lat' dir='ltr'>Mogd</span> <span class='ocrx_word' id='word_1_155' title='bbox 612 2774 662 2824; x_wconf 81' lang='lat' dir='ltr'>end</span> <span class='ocrx_word' id='word_1_156' title='bbox 721 2765 827 2833; x_wconf 77' lang='lat' dir='ltr'>“tnu,&#39;</span> <span class='ocrx_word' id='word_1_157' title='bbox 841 2772 907 2820; x_wconf 75' lang='lat' dir='ltr'>Coti.</span> <span class='ocrx_word' id='word_1_158' title='bbox 921 2771 960 2821; x_wconf 85' lang='lat' dir='ltr'>Cl.</span> <span class='ocrx_word' id='word_1_159' title='bbox 975 2772 1006 2821; x_wconf 88' lang='lat' dir='ltr'>E.</span> <span class='ocrx_word' id='word_1_160' title='bbox 1022 2771 1073 2820; x_wconf 84' lang='lat' dir='ltr'>end</span> <span class='ocrx_word' id='word_1_161' title='bbox 1086 2771 1150 2834; x_wconf 75' lang='lat' dir='ltr'>Reg-</span> 
     </span>
    </p>
   </div>
   <div class='ocr_carea' id='block_1_9' title="bbox 200 2840 1148 2970">
    <p class='ocr_par' dir='ltr' id='par_1_12' title="bbox 200 2840 1148 2970">
     <span class='ocr_line' id='line_1_23' title="bbox 200 2840 807 2908; baseline -0.01 -13"><span class='ocrx_word' id='word_1_162' title='bbox 200 2846 395 2908; x_wconf 78' lang='lat' dir='ltr'>Rrg.A.xvm.</span> <span class='ocrx_word' id='word_1_163' title='bbox 687 2840 721 2889; x_wconf 83' lang='grc' dir='ltr'>Α.</span> <span class='ocrx_word' id='word_1_164' title='bbox 734 2853 807 2890; x_wconf 85' lang='lat' dir='ltr'>xvnr.</span> 
     </span>
     <span class='ocr_line' id='line_1_24' title="bbox 722 2907 1148 2970; baseline -0.002 -12"><span class='ocrx_word' id='word_1_165' title='bbox 722 2907 732 2936; x_wconf 80' lang='lat'><strong>⁶</strong></span> <span class='ocrx_word' id='word_1_166' title='bbox 747 2910 829 2958; x_wconf 80' lang='lat' dir='ltr'>These</span> <span class='ocrx_word' id='word_1_167' title='bbox 844 2910 908 2958; x_wconf 87' lang='lat' dir='ltr'>lines</span> <span class='ocrx_word' id='word_1_168' title='bbox 921 2908 1062 2958; x_wconf 86' lang='lat' dir='ltr'>concluded</span> <span class='ocrx_word' id='word_1_169' title='bbox 1077 2923 1093 2956; x_wconf 79' lang='lat' dir='ltr'><strong>a</strong></span> <span class='ocrx_word' id='word_1_170' title='bbox 1103 2923 1148 2970; x_wconf 83' lang='lat' dir='ltr'>pe·</span> 
     </span>
    </p>
   </div>
   <div class='ocr_carea' id='block_1_10' title="bbox 197 2975 1173 3372">
    <p class='ocr_par' dir='ltr' id='par_1_13' title="bbox 197 2975 1173 3372">
     <span class='ocr_line' id='line_1_25' title="bbox 237 2975 1149 3041; baseline -0.003 -13"><span class='ocrx_word' id='word_1_171' title='bbox 237 2976 270 3008; x_wconf 84' lang='lat'>²‘</span> <span class='ocrx_word' id='word_1_172' title='bbox 277 2975 350 3041; x_wconf 89' lang='lat' dir='ltr'>ejus,&#39;</span> <span class='ocrx_word' id='word_1_173' title='bbox 358 2978 570 3030; x_wconf 83' lang='lat' dir='ltr'>omittedinCott.</span> <span class='ocrx_word' id='word_1_174' title='bbox 580 2979 619 3027; x_wconf 89' lang='lat' dir='ltr'>Cl.</span> <span class='ocrx_word' id='word_1_175' title='bbox 630 2979 661 3026; x_wconf 89' lang='lat' dir='ltr'>E.</span> <span class='ocrx_word' id='word_1_176' title='bbox 686 2980 799 3040; x_wconf 63' lang='lat' dir='ltr'>nemis,</span> <span class='ocrx_word' id='word_1_177' title='bbox 820 2979 947 3028; x_wconf 74' lang='lat' dir='ltr'>inscribed</span> <span class='ocrx_word' id='word_1_178' title='bbox 972 2992 1004 3025; x_wconf 91' lang='lat' dir='ltr'>on</span> <span class='ocrx_word' id='word_1_179' title='bbox 1027 2992 1044 3025; x_wconf 83' lang='lat' dir='ltr'>e</span> <span class='ocrx_word' id='word_1_180' title='bbox 1069 2978 1149 3026; x_wconf 83' lang='lat' dir='ltr'>tublet</span> 
     </span>
     <span class='ocr_line' id='line_1_26' title="bbox 199 3046 1148 3110; baseline -0.002 -14"><span class='ocrx_word' id='word_1_181' title='bbox 199 3049 250 3097; x_wconf 84' lang='lat' dir='ltr'>und</span> <span class='ocrx_word' id='word_1_182' title='bbox 263 3050 327 3110; x_wconf 79' lang='lat' dir='ltr'>Reg.</span> <span class='ocrx_word' id='word_1_183' title='bbox 337 3048 372 3097; x_wconf 78' lang='lat' dir='ltr'>A.</span> <span class='ocrx_word' id='word_1_184' title='bbox 383 3061 456 3098; x_wconf 84' lang='lat' dir='ltr'>xvrn.</span> <span class='ocrx_word' id='word_1_185' title='bbox 686 3047 770 3097; x_wconf 89' lang='lat' dir='ltr'>which</span> <span class='ocrx_word' id='word_1_186' title='bbox 792 3061 847 3096; x_wconf 84' lang='lat' dir='ltr'>wes</span> <span class='ocrx_word' id='word_1_187' title='bbox 868 3047 986 3107; x_wconf 81' lang='lat' dir='ltr'>formerly</span> <span class='ocrx_word' id='word_1_188' title='bbox 1003 3046 1148 3106; x_wconf 78' lang='lat' dir='ltr'>suspended</span> 
     </span>
     <span class='ocr_line' id='line_1_27' title="bbox 686 3113 1173 3174; baseline -0.004 -10"><span class='ocrx_word' id='word_1_189' title='bbox 686 3131 746 3166; x_wconf 87' lang='lat' dir='ltr'>orer</span> <span class='ocrx_word' id='word_1_190' title='bbox 757 3113 892 3164; x_wconf 76' lang='lat' dir='ltr'>Edward&#39;s</span> <span class='ocrx_word' id='word_1_191' title='bbox 902 3116 970 3164; x_wconf 89' lang='lat' dir='ltr'>tomb</span> <span class='ocrx_word' id='word_1_192' title='bbox 981 3115 1007 3162; x_wconf 92' lang='lat' dir='ltr'>in</span> <span class='ocrx_word' id='word_1_193' title='bbox 1014 3115 1149 3162; x_wconf 87' lang='lat' dir='ltr'>Westmin·</span> <span class='ocrx_word' id='word_1_194' title='bbox 1170 3169 1173 3174; x_wconf 30' lang='lat'>¹</span> 
     </span>
     <span class='ocr_line' id='line_1_28' title="bbox 235 3181 1149 3246; baseline -0.003 -13"><span class='ocrx_word' id='word_1_195' title='bbox 235 3181 306 3233; x_wconf 61' lang='grc' dir='ltr'>ἈΗ</span> <span class='ocrx_word' id='word_1_196' title='bbox 321 3183 364 3233; x_wconf 81' lang='lat' dir='ltr'>the</span> <span class='ocrx_word' id='word_1_197' title='bbox 386 3181 463 3233; x_wconf 90' lang='lat' dir='ltr'>MSS.</span> <span class='ocrx_word' id='word_1_198' title='bbox 481 3181 546 3231; x_wconf 81' lang='lat' dir='ltr'>hore</span> <span class='ocrx_word' id='word_1_199' title='bbox 563 3182 662 3232; x_wconf 78' lang='lat' dir='ltr'>‘suncti</span> <span class='ocrx_word' id='word_1_200' title='bbox 687 3190 738 3233; x_wconf 88' lang='lat' dir='ltr'>ster</span> <span class='ocrx_word' id='word_1_201' title='bbox 764 3184 865 3244; x_wconf 80' lang='lat' dir='ltr'>Abbey.</span> <span class='ocrx_word' id='word_1_202' title='bbox 912 3183 1037 3232; x_wconf 81' lang='lat' dir='ltr'>Motthew</span> <span class='ocrx_word' id='word_1_203' title='bbox 1058 3184 1149 3246; x_wconf 78' lang='lat' dir='ltr'>west,</span> 
     </span>
     <span class='ocr_line' id='line_1_29' title="bbox 198 3249 1150 3316; baseline -0.002 -14"><span class='ocrx_word' id='word_1_204' title='bbox 198 3249 327 3303; x_wconf 62' lang='lat' dir='ltr'>Andreae?</span> <span class='ocrx_word' id='word_1_205' title='bbox 368 3254 394 3302; x_wconf 89' lang='lat' dir='ltr'>H</span> <span class='ocrx_word' id='word_1_206' title='bbox 397 3255 419 3301; x_wconf 89' lang='lat' dir='ltr'>is</span> <span class='ocrx_word' id='word_1_207' title='bbox 440 3253 515 3312; x_wconf 78' lang='lat' dir='ltr'>feast,</span> <span class='ocrx_word' id='word_1_208' title='bbox 536 3251 663 3315; x_wconf 84' lang='lat' dir='ltr'>however,</span> <span class='ocrx_word' id='word_1_209' title='bbox 687 3258 745 3316; x_wconf 75' lang='lat' dir='ltr'>los,</span> <span class='ocrx_word' id='word_1_210' title='bbox 756 3253 820 3302; x_wconf 73' lang='lat' dir='ltr'>adds</span> <span class='ocrx_word' id='word_1_211' title='bbox 831 3257 857 3301; x_wconf 91' lang='lat' dir='ltr'>to</span> <span class='ocrx_word' id='word_1_212' title='bbox 867 3252 910 3302; x_wconf 83' lang='lat' dir='ltr'>the</span> <span class='ocrx_word' id='word_1_213' title='bbox 926 3254 1005 3302; x_wconf 81' lang='lat' dir='ltr'>abore</span> <span class='ocrx_word' id='word_1_214' title='bbox 1016 3251 1087 3302; x_wconf 82' lang='lat' dir='ltr'>these</span> <span class='ocrx_word' id='word_1_215' title='bbox 1098 3257 1150 3302; x_wconf 87' lang='lat' dir='ltr'>two</span> 
     </span>
     <span class='ocr_line' id='line_1_30' title="bbox 197 3321 766 3372; baseline 0 0"><span class='ocrx_word' id='word_1_216' title='bbox 197 3323 257 3372; x_wconf 79' lang='lat' dir='ltr'>falls</span> <span class='ocrx_word' id='word_1_217' title='bbox 268 3338 301 3372; x_wconf 90' lang='lat' dir='ltr'>on</span> <span class='ocrx_word' id='word_1_218' title='bbox 311 3323 353 3372; x_wconf 87' lang='lat' dir='ltr'>the</span> <span class='ocrx_word' id='word_1_219' title='bbox 366 3322 426 3371; x_wconf 79' lang='lat' dir='ltr'>soth</span> <span class='ocrx_word' id='word_1_220' title='bbox 437 3321 588 3370; x_wconf 85' lang='lat' dir='ltr'>November.</span> <span class='ocrx_word' id='word_1_221' title='bbox 686 3323 766 3372; x_wconf 86' lang='lat' dir='ltr'>lines:</span> 
     </span>
    </p>
   </div>
   <div class='ocr_carea' id='block_1_11' title="bbox 341 3411 955 3546">
    <p class='ocr_par' dir='ltr' id='par_1_14' title="bbox 341 3411 955 3546">
     <span class='ocr_line' id='line_1_31' title="bbox 341 3411 955 3476; baseline -0.003 -12"><span class='ocrx_word' id='word_1_222' title='bbox 341 3416 444 3464; x_wconf 82' lang='lat' dir='ltr'>‘Sestos</span> <span class='ocrx_word' id='word_1_223' title='bbox 455 3413 608 3473; x_wconf 79' lang='lat' dir='ltr'>Edwardus‚</span> <span class='ocrx_word' id='word_1_224' title='bbox 620 3414 681 3462; x_wconf 90' lang='lat' dir='ltr'>dum</span> <span class='ocrx_word' id='word_1_225' title='bbox 691 3416 765 3476; x_wconf 81' lang='lat' dir='ltr'>vixit,</span> <span class='ocrx_word' id='word_1_226' title='bbox 775 3411 955 3476; x_wconf 86' lang='lat' dir='ltr'>subpeditavit,</span> 
     </span>
     <span class='ocr_line' id='line_1_32' title="bbox 355 3480 872 3546; baseline 0 -14"><span class='ocrx_word' id='word_1_227' title='bbox 355 3485 456 3546; x_wconf 88' lang='lat' dir='ltr'>Tenuit,</span> <span class='ocrx_word' id='word_1_228' title='bbox 467 3483 566 3544; x_wconf 75' lang='lat' dir='ltr'>afflixit,</span> <span class='ocrx_word' id='word_1_229' title='bbox 576 3482 710 3544; x_wconf 78' lang='lat' dir='ltr'>depressit,</span> <span class='ocrx_word' id='word_1_230' title='bbox 721 3480 872 3534; x_wconf 66' lang='lat' dir='ltr'>dilaniavit!</span> 
     </span>
    </p>
   </div>
   <div class='ocr_carea' id='block_1_12' title="bbox 197 3572 1151 3709">
    <p class='ocr_par' dir='ltr' id='par_1_15' title="bbox 197 3572 1151 3709">
     <span class='ocr_line' id='line_1_33' title="bbox 197 3572 1151 3643; baseline -0.002 -18"><span class='ocrx_word' id='word_1_231' title='bbox 197 3575 296 3625; x_wconf 80' lang='lat' dir='ltr'>Fabiam</span> <span class='ocrx_word' id='word_1_232' title='bbox 316 3572 358 3643; x_wconf 92' lang='lat' dir='ltr'>(in</span> <span class='ocrx_word' id='word_1_233' title='bbox 379 3574 420 3624; x_wconf 88' lang='lat' dir='ltr'>his</span> <span class='ocrx_word' id='word_1_234' title='bbox 438 3575 616 3624; x_wconf 79' lang='lat' dir='ltr'>Concordence</span> <span class='ocrx_word' id='word_1_235' title='bbox 636 3575 665 3623; x_wconf 82' lang='lat' dir='ltr'>of</span> <span class='ocrx_word' id='word_1_236' title='bbox 688 3577 758 3639; x_wconf 76' lang='lat' dir='ltr'>gives</span> <span class='ocrx_word' id='word_1_237' title='bbox 765 3577 808 3626; x_wconf 88' lang='lat' dir='ltr'>the</span> <span class='ocrx_word' id='word_1_238' title='bbox 819 3577 948 3637; x_wconf 80' lang='lat' dir='ltr'>following</span> <span class='ocrx_word' id='word_1_239' title='bbox 956 3577 1045 3636; x_wconf 83' lang='lat' dir='ltr'>qusint</span> <span class='ocrx_word' id='word_1_240' title='bbox 1052 3576 1151 3626; x_wconf 87' lang='lat' dir='ltr'>version</span> 
     </span>
     <span class='ocr_line' id='line_1_34' title="bbox 198 3642 1018 3709; baseline 0 -14"><span class='ocrx_word' id='word_1_241' title='bbox 198 3647 335 3707; x_wconf 88' lang='lat' dir='ltr'>Histories,</span> <span class='ocrx_word' id='word_1_242' title='bbox 341 3647 382 3694; x_wconf 89' lang='lat' dir='ltr'>Sir</span> <span class='ocrx_word' id='word_1_243' title='bbox 391 3645 427 3695; x_wconf 89' lang='lat' dir='ltr'>H.</span> <span class='ocrx_word' id='word_1_244' title='bbox 438 3644 512 3694; x_wconf 85' lang='lat' dir='ltr'>Ellis&#39;</span> <span class='ocrx_word' id='word_1_245' title='bbox 519 3645 594 3705; x_wconf 54' lang='lat' dir='ltr'>edep.</span> <span class='ocrx_word' id='word_1_246' title='bbox 601 3642 663 3709; x_wconf 79' lang='lat'>405)</span> <span class='ocrx_word' id='word_1_247' title='bbox 687 3645 716 3694; x_wconf 82' lang='lat' dir='ltr'>of</span> <span class='ocrx_word' id='word_1_248' title='bbox 724 3646 766 3694; x_wconf 87' lang='lat' dir='ltr'>the</span> <span class='ocrx_word' id='word_1_249' title='bbox 778 3647 843 3695; x_wconf 88' lang='lat' dir='ltr'>lines</span> <span class='ocrx_word' id='word_1_250' title='bbox 853 3646 880 3694; x_wconf 91' lang='lat' dir='ltr'>in</span> <span class='ocrx_word' id='word_1_251' title='bbox 891 3660 938 3694; x_wconf 88' lang='lat' dir='ltr'>our</span> <span class='ocrx_word' id='word_1_252' title='bbox 948 3651 1018 3695; x_wconf 86' lang='lat' dir='ltr'>text:</span> 
     </span>
    </p>
   </div>
   <div class='ocr_carea' id='block_1_13' title="bbox 458 3733 829 4142">
    <p class='ocr_par' dir='ltr' id='par_1_16' title="bbox 458 3733 829 4142">
     <span class='ocr_line' id='line_1_35' title="bbox 458 3733 823 3800; baseline 0.014 -19"><span class='ocrx_word' id='word_1_253' title='bbox 458 3733 568 3796; x_wconf 83' lang='lat' dir='ltr'>‘Whyle</span> <span class='ocrx_word' id='word_1_254' title='bbox 579 3734 655 3795; x_wconf 77' lang='lat' dir='ltr'>lyved</span> <span class='ocrx_word' id='word_1_255' title='bbox 666 3735 716 3785; x_wconf 85' lang='lat' dir='ltr'>this</span> <span class='ocrx_word' id='word_1_256' title='bbox 728 3737 823 3800; x_wconf 79' lang='lat' dir='ltr'>kynge,</span> 
     </span>
     <span class='ocr_line' id='line_1_36' title="bbox 480 3804 820 3869; baseline 0.009 -18"><span class='ocrx_word' id='word_1_257' title='bbox 480 3805 521 3864; x_wconf 87' lang='lat' dir='ltr'>By</span> <span class='ocrx_word' id='word_1_258' title='bbox 532 3804 572 3851; x_wconf 89' lang='lat' dir='ltr'>his</span> <span class='ocrx_word' id='word_1_259' title='bbox 583 3818 670 3864; x_wconf 86' lang='lat' dir='ltr'>power</span> <span class='ocrx_word' id='word_1_260' title='bbox 680 3805 715 3853; x_wconf 82' lang='lat' dir='ltr'>all</span> <span class='ocrx_word' id='word_1_261' title='bbox 726 3805 820 3869; x_wconf 76' lang='lat' dir='ltr'>thynge</span> 
     </span>
     <span class='ocr_line' id='line_1_37' title="bbox 480 3873 774 3936; baseline 0.01 -16"><span class='ocrx_word' id='word_1_262' title='bbox 480 3874 543 3920; x_wconf 83' lang='lat' dir='ltr'>Wes</span> <span class='ocrx_word' id='word_1_263' title='bbox 553 3873 580 3920; x_wconf 92' lang='lat' dir='ltr'>in</span> <span class='ocrx_word' id='word_1_264' title='bbox 592 3873 656 3934; x_wconf 79' lang='lat' dir='ltr'>good</span> <span class='ocrx_word' id='word_1_265' title='bbox 667 3874 774 3936; x_wconf 78' lang='lat' dir='ltr'>plyght3</span> 
     </span>
     <span class='ocr_line' id='line_1_38' title="bbox 477 3941 767 4005; baseline 0.01 -16"><span class='ocrx_word' id='word_1_266' title='bbox 477 3942 528 3991; x_wconf 86' lang='lat' dir='ltr'>For</span> <span class='ocrx_word' id='word_1_267' title='bbox 538 3941 596 4003; x_wconf 77' lang='lat' dir='ltr'>gyle</span> <span class='ocrx_word' id='word_1_268' title='bbox 607 3956 662 3990; x_wconf 80' lang='lat' dir='ltr'>was</span> <span class='ocrx_word' id='word_1_269' title='bbox 672 3942 767 4005; x_wconf 84' lang='lat' dir='ltr'>hydde‚</span> 
     </span>
     <span class='ocr_line' id='line_1_39' title="bbox 479 4011 803 4075; baseline 0 -15"><span class='ocrx_word' id='word_1_270' title='bbox 479 4011 560 4060; x_wconf 82' lang='lat' dir='ltr'>Great</span> <span class='ocrx_word' id='word_1_271' title='bbox 569 4025 631 4072; x_wconf 82' lang='lat' dir='ltr'>peas</span> <span class='ocrx_word' id='word_1_272' title='bbox 641 4026 696 4061; x_wconf 85' lang='lat' dir='ltr'>wes</span> <span class='ocrx_word' id='word_1_273' title='bbox 707 4012 803 4075; x_wconf 83' lang='lat' dir='ltr'>kydde,</span> 
     </span>
     <span class='ocr_line' id='line_1_40' title="bbox 476 4077 829 4142; baseline 0 -14"><span class='ocrx_word' id='word_1_274' title='bbox 476 4080 536 4128; x_wconf 85' lang='lat' dir='ltr'>And</span> <span class='ocrx_word' id='word_1_275' title='bbox 547 4077 650 4129; x_wconf 73' lang='lat' dir='ltr'>honeste</span> <span class='ocrx_word' id='word_1_276' title='bbox 661 4081 712 4129; x_wconf 85' lang='lat' dir='ltr'>hod</span> <span class='ocrx_word' id='word_1_277' title='bbox 723 4079 829 4142; x_wconf 66' lang='lat' dir='ltr'>myght?</span> 
     </span>
    </p>
   </div>
   <div class='ocr_carea' id='block_1_14' title="bbox 194 4171 1150 4294">
    <p class='ocr_par' dir='ltr' id='par_1_17' title="bbox 194 4171 1150 4294">
     <span class='ocr_line' id='line_1_41' title="bbox 194 4171 1150 4274; baseline -0.003 -50"><span class='ocrx_word' id='word_1_278' title='bbox 194 4247 202 4274; x_wconf 45' lang='grc' dir='ltr'><strong><em>ι</em></strong></span> <span class='ocrx_word' id='word_1_279' title='bbox 231 4171 341 4236; x_wconf 66' lang='lat' dir='ltr'>“qui,&#39;</span> <span class='ocrx_word' id='word_1_280' title='bbox 360 4175 387 4223; x_wconf 91' lang='lat' dir='ltr'>in</span> <span class='ocrx_word' id='word_1_281' title='bbox 400 4175 466 4224; x_wconf 78' lang='lat' dir='ltr'>eote.</span> <span class='ocrx_word' id='word_1_282' title='bbox 481 4174 520 4224; x_wconf 81' lang='lat' dir='ltr'>cl.</span> <span class='ocrx_word' id='word_1_283' title='bbox 534 4174 565 4223; x_wconf 88' lang='lat' dir='ltr'>E.</span> <span class='ocrx_word' id='word_1_284' title='bbox 585 4172 635 4222; x_wconf 80' lang='lat' dir='ltr'>ond</span> <span class='ocrx_word' id='word_1_285' title='bbox 655 4175 752 4236; x_wconf 66' lang='lat' dir='ltr'>Magri„</span> <span class='ocrx_word' id='word_1_286' title='bbox 770 4188 859 4224; x_wconf 87' lang='lat' dir='ltr'>occurs</span> <span class='ocrx_word' id='word_1_287' title='bbox 876 4173 1046 4234; x_wconf 80' lang='lat' dir='ltr'>immediately</span> <span class='ocrx_word' id='word_1_288' title='bbox 1066 4172 1150 4221; x_wconf 80' lang='lat' dir='ltr'>before</span> 
     </span>
     <span class='ocr_line' id='line_1_42' title="bbox 212 4241 355 4294; baseline -0.007 -2"><span class='ocrx_word' id='word_1_289' title='bbox 212 4241 355 4294; x_wconf 60' lang='lat' dir='ltr'>revocavit?</span> 
     </span>
    </p>
   </div>
   <div class='ocr_carea' id='block_1_15' title="bbox 0 0 1586 5054">
    <p class='ocr_par' dir='ltr' id='par_1_18' title="bbox 0 0 1586 5054">
     <span class='ocr_line' id='line_1_43' title="bbox 0 0 1586 5054; baseline 0 2"><span class='ocrx_word' id='word_1_290' title='bbox 0 0 1586 5054; x_wconf 95' lang='lat' dir='ltr'> </span> 
     </span>
    </p>
   </div>
  </div>
 </body>
</html>
