3146 5038
301 2279 371 2320 Battle
380 2279 404 2321 oi

300 2331 382 2380 Cmrry.

460 497 525 563 176
791 515 826 562 a.
851 513 1065 561 munimuru.

462 671 547 740 dem
551 670 659 754 jussit
675 672 852 759 reparari..
898 670 1049 738 Interim¹
1067 687 1182 735 comes
1200 665 1411 747 Northamp·

461 771 578 848 toniae,
595 770 722 835 flumen
744 772 915 854 Sequanae
932 771 1117 846 transiens,
1134 767 1344 850 quingentos
1367 784 1411 834 ex

460 870 539 948 illis,
564 871 625 952 qni
651 871 807 954 pontium
832 870 1085 953 reparationem
1115 866 1280 949 impedire
1306 882 1411 929 cona·

461 970 599 1047 bantur,
617 969 753 1034 occidit.

507 1165 616 1230 Anno
635 1165 777 1231 Dorum
800 1183 1038 1243 u.ccc.xnv1.,
1055 1173 1091 1230 et
1107 1165 1200 1246 regis
1218 1163 1409 1244 Anglorum

464 1264 627 1329 Edwardi
641 1266 735 1330 tertii
760 1282 843 1343 xx,
861 1265 951 1330 idem
966 1285 1029 1330 rex
1047 1263 1239 1328 Edwardns
1257 1279 1336 1327 xvi.
1354 1261 1410 1325 die

462 1362 629 1445 Augusti,
657 1364 855 1447 Sequanam
878 1365 1007 1439 flumen
1036 1363 1266 1446 petransiens,
1291 1381 1412 1426 versus

464 1461 593 1545 Crescy
609 1463 676 1527 iter
706 1465 864 1547 arripuit.
919 1464 1087 1540 Patriam,
1116 1463 1311 1544 ubicunque
1338 1480 1414 1543 per-

463 1560 566 1638 rexit,
593 1563 814 1627 circumcirca
841 1564 1040 1636 destruxit;
1076 1562 1208 1626 incolas
1232 1560 1326 1624 illius
1352 1560 1413 1623 de-

463 1659 633 1742 praedavit
650 1669 685 1726 et
710 1663 913 1744 captivavit.
966 1661 1105 1745 Aquam
1123 1660 1166 1723 de
1184 1660 1336 1737 Summe,
1352 1659 1412 1723 ubi

464 1767 569 1825 antea
589 1780 760 1844 nusquam
786 1761 852 1826 lirit
880 1762 1060 1839 transitus,
1077 1759 1208 1825 illaesus
1230 1779 1308 1824 cum
1335 1766 1411 1823 toto

463 1878 527 1923 suo
545 1861 699 1924 exercitu
715 1861 959 1942 pertransivit;
985 1862 1167 1926 transitum
1184 1858 1412 1941 impedientes

464 1958 508 2022 ad
537 1958 606 2024 duo
634 1959 743 2024 millia
764 1961 946 2024 interfecit.
1003 1960 1148 2025 Interim
1175 1957 1334 2022 dominus
1367 1959 1411 2021 de

464 2057 616 2141 Spenccr
632 2059 750 2124 villam
779 2060 821 2123 de
844 2059 992 2143 Groteye
1017 2059 1162 2123 viriliter
1183 2057 1287 2139 cepit,
1301 2057 1412 2138 quad·

463 2157 632 2239 ringentis
672 2159 755 2226 viris
803 2177 976 2224 armorum
1014 2159 1057 2224 de
1097 2157 1322 2238 Francigcnis
1359 2157 1414 2219 in-

463 2257 654 2340 teremptis.
710 2253 881 2335 Demum,
906 2275 1012 2322 xxvr.
1056 2256 1112 2322 die
1143 2255 1306 2342 Augusti,
1347 2275 1412 2320 rex

465 2355 669 2434 Edwardns‚
703 2357 794 2439 apnd
829 2357 958 2441 Cresoy
991 2359 1027 2421 in
1061 2355 1235 2433 Picardia,
1275 2353 1411 2437 Philip·

463 2475 559 2537 pum,
590 2475 706 2538 regem
749 2458 975 2534 Francorum,
1018 2457 1166 2538 gloriose
1208 2453 1335 2519 devicit
1377 2461 1415 2519 et

460 2553 608 2636 fugavit.
671 2556 770 2621 Duos
820 2576 931 2638 reges,
975 2557 1109 2622 scilicet
1160 2553 1336 2618 Bohemiae
1375 2563 1413 2618 et

462 2650 740 2737 ¹Majoriearum,
773 2655 894 2722 ducem
935 2654 1184 2738 Lothoringire,
1215 2654 1302 2717 duos
1336 2655 1412 2735 epi·

461 2771 601 2835 scopos,
635 2761 714 2818 octo
743 2754 897 2833 comites,
928 2756 1114 2838 pluresque
1152 2751 1247 2817 alios
1264 2752 1411 2830 nobiles,

461 2851 530 2916 duo
562 2853 670 2916 millia
710 2855 870 2932 militum,
911 2873 953 2938 ac
985 2855 1121 2936 vulgus,
1159 2852 1412 2917 innumerabile

460 2951 496 3014 iu
530 2952 590 3016 illo
628 2951 790 3017 conflictu
834 2955 998 3036 peremit3
1039 2951 1229 3035 lreliquam
1274 2951 1411 3034 plebem

459 3049 580 3131 sugere
602 3052 768 3135 compulit
786 3052 828 3116 ad
846 3052 983 3117 diversa
999 3053 1089 3130 loca,
1108 3052 1259 3116 timidam
1279 3058 1315 3115 et
1331 3070 1413 3114 con-

460 3148 582 3214 susam.
616 3150 797 3238 Philippus
808 3144 891 3215 vero
906 3173 967 3216 rex
982 3152 1194 3216 Francorum
1210 3150 1247 3212 in
1255 3151 1323 3214 isto
1335 3169 1413 3220 cer-

459 3249 602 3327 tamine,
620 3258 660 3314 ut
679 3249 771 3314 lama
782 3251 936 3332 vulgaris
954 3271 1017 3335 pro
1034 3257 1117 3315 tune
1133 3249 1319 3325 sehabnit,
1333 3259 1415 3315 erat

459 3347 495 3410 in
522 3354 663 3429 gutture
686 3357 723 3414 et
744 3349 872 3434 femore
887 3348 1120 3426 vulneratus,³
1142 3369 1183 3412 ac
1207 3368 1269 3430 per
1290 3367 1413 3429 regem

460 3444 597 3528 Angliae
625 3449 676 3512 bis
694 3448 951 3529 decaballatus3
987 3456 1110 3533 captus
1136 3447 1261 3525 ibidem
1289 3467 1416 3513 revera

459 3544 593 3622 fnisset,
619 3547 685 3611 nisi
702 3548 785 3629 fuga
807 3537 905 3635 [sibi]
930 3548 1171 3613 consuluisset.
1214 3548 1294 3611 Rex
1318 3549 1415 3610 enim

496 3709 502 3738 ¹
519 3710 617 3775 dames,
628 3713 691 3774 king
701 3714 730 3761 os
742 3715 865 3776 Majorca,
880 3730 922 3764 ac-
946 3720 989 3764 not
1010 3716 1119 3764 mention
1136 3715 1164 3776 it,
1183 3714 1231 3762 and
1251 3714 1340 3764 dames
1357 3732 1416 3766 cer-

458 3782 607 3842 companied
622 3782 664 3831 the
682 3783 779 3833 French
799 3785 862 3846 king
877 3790 921 3834 ont
945 3785 1025 3846 tainly
1036 3785 1081 3833 did
1092 3788 1135 3833 not
1146 3785 1188 3832 die
1199 3783 1240 3832 till
1250 3783 1320 3832 three
1335 3799 1415 3846 years

459 3851 488 3899 os
493 3851 535 3900 the
542 3851 614 3910 tield;
627 3867 669 3901 see
676 3853 826 3912 Murimutb,
834 3868 921 3915 snpra,
945 3854 1009 3903 atter
1020 3854 1062 3903 the
1073 3853 1151 3902 battle
1161 3853 1191 3902 of
1198 3852 1300 3914 Cressy.

459 3937 485 3982 p.
495 3925 552 3971 lev.
590 3921 729 3984 Knighton,
746 3939 773 3984 p.
792 3928 867 3986 2588,
884 3926 920 3972 in·
979 3921 1129 3984 'Compare
1150 3922 1200 3972 this
1219 3923 1283 3971 with
1300 3921 1344 3972 the
1369 3941 1418 3988 ap·

458 3991 547 4040 eludes
573 3991 625 4039 him
661 4005 752 4055 among
785 3993 828 4041 the
856 3994 921 4042 slain
945 3994 1060 4055 parently
1088 3997 1184 4040 correct
1210 3992 1254 4040 list
1277 3993 1353 4053 given
1380 3997 1416 4058 by

458 4061 539 4109 under
550 4061 593 4108 the
603 4061 658 4110 title
666 4061 708 4109 oi‘
716 4077 761 4110 rex
768 4063 921 4125 Malogriae,'
946 4062 1096 4123 Murimutb,
1108 4076 1194 4123 snpra,
1205 4077 1232 4122 p.
1242 4065 1298 4111 168.

457 4129 542 4178 which
550 4144 608 4191 may
620 4131 684 4179 have
696 4132 770 4192 given
782 4132 921 4181 risetothe
980 4128 991 4158 ³
1018 4130 1147 4193 Knighton
1175 4145 1245 4192 says,
1276 4131 1331 4179 that
1370 4135 1416 4184 the

458 4204 543 4258 report
562 4198 617 4248 that
640 4201 672 4248 he
692 4215 747 4250 was
769 4215 860 4262 among
878 4202 921 4250 the
946 4200 1042 4250 French
1055 4201 1118 4262 king
1127 4215 1183 4248 was
1195 4201 1358 4251 woundedin
1371 4205 1417 4255 the

458 4268 532 4318 elain.
567 4268 621 4317 The
632 4270 741 4330 prudent
753 4271 849 4320 Fabian
860 4270 921 4320 does
946 4271 1276 4333 facebyanarrow,2⁵88.
