3134 5046
422 469 487 532 122
755 481 791 528 A.
815 479 1029 527 munimenti.

262 657 410 699 insonant
423 645 459 702 et
476 636 535 720 q'il
548 643 602 700 est
619 637 818 713 resuscitez,
833 644 869 701 et
882 637 973 712 vive,
992 641 1028 700 et
1042 654 1087 717 qe
1104 641 1183 699 tant
1195 635 1286 700 seint
1308 657 1382 701 cre-

262 706 329 748 m*
424 744 525 801 nteur
545 756 642 801 come
666 737 692 800 il
717 743 786 814 est,
799 754 905 801 avere
929 752 991 799 nx.
1008 735 1150 800 femmes
1174 736 1314 818 puceles
1337 757 1379 799 en

397 916 398 919 Ἴ
424 837 456 901 le
473 837 563 901 seint
581 837 726 919 Parays.

472 937 537 1000 ‘Et
553 957 620 1019 pur
636 956 698 1001 ceo
714 942 748 1000 te
765 934 976 1000 comandons
993 953 1075 998 seur
1091 934 1128 998 la
1141 935 1241 1016 peine
1255 937 1299 1001 de
1314 957 1376 1000 no-

422 1044 474 1100 tre
491 1037 561 1120 ley,
577 1057 620 1119 qe
635 1056 679 1100 ne
700 1054 844 1119 reposez
863 1034 984 1119 jeeqes
1006 1041 1078 1104 tote
1101 1034 1137 1098 ln
1162 1034 1376 1101 Crestienete

420 1136 489 1201 soit
506 1135 637 1212 ¹h0nie‚
647 1143 683 1200 et
698 1135 878 1200 destruite.
921 1134 968 1197 Et
985 1134 1119 1198 donnns
1134 1153 1218 1216 poer
1230 1155 1269 1215 es
1287 1156 1376 1200 nnus

419 1234 620 1319 Alifakyns‚
634 1244 668 1299 et
684 1254 725 1300 ee
741 1254 805 1300 nos
816 1232 954 1311 Alfiers,
965 1230 1042 1316 q’ils
1057 1234 1212 1317 puissent
1225 1237 1375 1316 pardon-

418 1343 533 1400 neret
549 1355 723 1399 sermonen
739 1335 774 1400 le
793 1334 884 1398 seint
903 1353 974 1397 non
991 1333 1035 1398 de
1055 1353 1144 1397 ceux
1165 1334 1202 1416 qi
1215 1335 1374 1400 alerount

420 1441 540 1498 eontre
562 1435 595 1498 le
610 1434 778 1499 Cristiens
804 1453 868 1516 par
884 1433 984 1510 mier,
998 1439 1035 1496 et
1055 1452 1119 1516 per
1141 1440 1243 1512 terre,
1259 1443 1295 1499 et
1312 1435 1372 1517 q'il

420 1542 520 1615 eyent
542 1535 699 1616 perdoun
716 1554 782 1616 pur
803 1553 873 1598 eux
899 1551 1059 1609 mesmeS,
1074 1540 1110 1596 et
1134 1553 1200 1615 pur
1225 1551 1279 1598 xl.
1298 1554 1372 1617 per-

419 1652 520 1697 sones
532 1633 577 1699 de
593 1634 670 1698 lour
689 1633 842 1715 lignage,
855 1632 1003 1697 ehescon
1018 1629 1131 1696 d'eux.
1184 1631 1322 1698 Auxint
1336 1642 1372 1699 te

418 1733 627 1797 comandons
645 1753 704 1796 sur
724 1732 759 1796 la
774 1735 917 1796 timui-re
932 1732 974 1796 de
990 1739 1088 1796 notre
1104 1732 1175 1796 sort
1193 1752 1309 1815 espee,
1328 1754 1370 1815 qe

417 1840 493 1897 tute
507 1852 604 1897 muer
626 1853 648 1897 a
663 1840 740 1898 tout
764 1833 797 1896 le
813 1851 908 1914 poet,
924 1850 967 1913 qe
978 1831 1039 1915 jeo
1067 1839 1102 1896 te
1132 1832 1165 1895 ai
1192 1832 1314 1911 donee,
1328 1834 1371 1896 de

417 1951 480 1995 eea
502 1933 538 1996 la
556 1952 641 2010 mer,
657 1941 693 1996 et
717 1933 760 1996 de
782 1933 828 2010 la,
854 1932 889 1995 le
912 1929 1031 2009 terre,
1052 1919 1156 2014 et'qe
1184 1939 1222 1996 tu
1247 1952 1370 1996 coures

418 2038 515 2097 toutz
528 2033 577 2097 les
589 2041 696 2097 terren
710 2033 753 2096 de
764 2032 954 2108 Crestiens,
965 2051 1028 2114 par
1038 2032 1137 2108 mier,
1146 2039 1182 2095 et
1192 2051 1256 2113 par
1266 2040 1366 2097 terre.

418 2131 465 2196 Et
501 2152 588 2198 ceux
613 2134 648 2216 qi
678 2141 844 2208 munient,
867 2130 928 2215 jeo
948 2131 1027 2195 leve
1047 2130 1083 2193 la
1104 2132 1209 2207 main,
1237 2132 1281 2196 de
1304 2152 1369 2215 par

418 2239 515 2296 notre
541 2233 631 2297 seint
656 2218 836 2309 Alicoran}
857 2250 899 2313 qe
921 2231 1063 2294 dedeinz
1092 2231 1142 2294 les
1167 2232 1250 2296 treis
1267 2232 1368 2315 jours

416 2349 517 2413 apres
544 2339 677 2395 seirent
699 2331 896 2408 resuscitem,
926 2351 969 2394 en
998 2330 1031 2394 le
1053 2331 1143 2394 seint
1172 2329 1298 2394 Pennis
1321 2333 1367 2396 du

417 2429 609 2508 Mahomet‚
641 2450 769 2514 ovesqe
801 2431 897 2495 lours
931 2428 1071 2494 semmes
1106 2438 1140 2494 et
1174 2429 1268 2494 lours
1305 2450 1365 2494 en·

412 2530 542 2607 fanntz,
557 2538 593 2594 et
609 2527 686 2612 q'ils
702 2537 904 2612 mangerent
921 2531 1063 2613 biengee
1085 2530 1164 2607 mel,
1182 2532 1279 2607 bure,
1298 2531 1367 2596 leet

411 2637 447 2693 et
462 2630 654 2712 foui-mage,
671 2637 707 2695 et
721 2632 869 2695 chescon
891 2631 996 2694 d'enx
1020 2650 1126 2694 evera
1143 2647 1206 2693 vn.
1223 2630 1365 2695 femmes

412 2729 563 2810 puceles,
578 2749 644 2813 pur
659 2730 695 2794 la
711 2731 811 2813 quele
826 2731 917 2794 seint
942 2730 1001 2813 foy
1014 2749 1102 2794 nous
1117 2731 1265 2794 tendons
1278 2726 1363 2794 d'es·

412 2838 465 2893 tre
481 2830 589 2907 salve,
606 2849 695 2894 ceux
712 2832 748 2913 qi
773 2838 905 2894 serrent
925 2830 1025 2907 fortz,
1043 2837 1079 2893 et
1100 2829 1227 2893 debon
1245 2850 1363 2912 qneor.

413 2929 458 2993 Et
475 2948 563 2993 ceux
590 2931 627 3012 qi
653 2949 696 2994 ne
726 2937 870 3013 purrent
889 2930 973 3004 aler,
999 2937 1035 2994 et
1056 2929 1198 2994 durrent
1220 2929 1263 2993 de
1286 2930 1364 2994 loun·

413 3030 524 3106 avoir,
540 3027 617 3112 q'ils
636 3037 739 3113 eyent
757 3038 850 3094 ceste
868 3048 1014 3093 mesmes
1036 3029 1193 3112 pardoun
1218 3029 1362 3106 susdite,

410 3131 495 3192 auxi
509 3130 588 3193 bien
603 3149 699 3194 come
713 3129 757 3193 ils
772 3129 925 3192 alassent
947 3147 1094 3192 mesmes
1112 3146 1133 3192 a
1156 3128 1191 3194 la
1201 3129 1359 3193 -bataille

411 3225 457 3293 Et
475 3229 536 3312 jeo
557 3236 593 3294 te
610 3229 766 3305 comend,
782 3229 884 3292 noble
905 3228 970 3306 roi,
987 3235 1131 3311 pasteur
1151 3228 1214 3292 des
1228 3227 1361 3306 herbes,

409 3335 445 3392 et
469 3330 600 3393 bevour
614 3330 674 3392 des
691 3348 802 3393 eawes
818 3328 861 3392 de
877 3329 914 3391 ln
932 3327 1000 3413 [la]
1016 3328 1114 3405 mier,
1130 3335 1165 3391 et
1182 3328 1224 3392 de
1241 3328 1360 3418 cea-de

409 3426 444 3490 la
464 3448 545 3502 mer,
566 3435 601 3492 et
620 3429 803 3492 destruour
817 3428 859 3492 de
883 3427 1063 3502 Cristiens,
1077 3447 1121 3509 qe
1143 3434 1182 3490 tu
1206 3436 1241 3491 te
1266 3447 1361 3493 mnes

408 3534 541 3590 tantost
559 3547 581 3591 a
597 3534 675 3591 tout
699 3528 732 3592 le
754 3548 838 3609 poer
859 3548 902 3611 qe
913 3528 975 3611 jeo
988 3534 1050 3609 tay
1067 3527 1246 3602 comendo,
1260 3533 1295 3590 et
1318 3548 1361 3610 qe

409 3633 446 3689 tu
464 3633 498 3689 te
512 3627 588 3690 vois
607 3646 672 3708 par
685 3625 867 3692 Gilbalbar
881 3635 979 3692 notre
990 3626 1076 3710 joye
1092 3633 1260 3690 aventure
1275 3646 1359 3692 avec

408 3745 430 3788 a
447 3725 530 3789 elien
547 3725 686 3790 Chastel
708 3728 750 3790 de
766 3727 854 3791 mult
882 3734 985 3809 grant
1000 3735 1113 3802 vertu,
1128 3735 1163 3790 et
1179 3745 1301 3808 passez
1325 3727 1360 3792 la

407 3826 493 3888 mier
506 3835 625 3891 contre
641 3826 673 3890 le
686 3828 736 3891 roi
753 3827 973 3910 d'Espaigne,
991 3835 1026 3891 et
1046 3833 1165 3890 contne
1178 3826 1230 3890 les
1244 3833 1361 3891 autres

408 3925 595 4004 Orestinus,
613 3946 655 4008 qe
672 3927 759 3991 neilz
780 3927 883 3990 d'eux
900 3927 961 3990 nul
984 3927 1090 3990 merei
1104 3945 1148 3990 ne
1164 3932 1263 4010 pete;
1288 3945 1360 3990 mes

407 4046 450 4108 qe
471 4033 544 4091 tote
564 4027 599 4091 la
628 4026 821 4092 Crestiente
844 4027 912 4090 soit
943 4026 1121 4091 destruite.
1184 4025 1231 4089 Et
1258 4025 1359 4090 faites

441 4206 451 4238 ¹
468 4209 542 4255 From
559 4206 681 4265 ‘hennir‚’
698 4211 724 4255 to
747 4221 820 4254 enne
830 4222 874 4254 :-—
933 4199 1055 4266 '‘mier,’
1066 4203 1126 4256 MS.

407 4278 493 4326 ‘Honi
505 4277 553 4324 enit
564 4277 608 4337 qui
619 4277 670 4324 me]
681 4292 698 4336 y
709 4273 804 4336 pense)
