3134 5046
438 515 506 580 138
779 528 815 575 Α.
833 527 1049 575 uuaruurrr.

436 687 495 772 qui
531 688 759 770 reputabatur
785 685 905 749 melior
933 691 968 748 et
1002 683 1191 766 sapientior
1220 684 1317 748 miles
1350 684 1392 748 de

436 788 592 852 exercitu
619 787 712 868 regis
732 785 912 858 Franciae;
942 803 1044 867 quem
1065 783 1224 848 dominus
1243 783 1391 848 Ricard-

428 907 477 952 us
494 887 623 952 Talbot
639 887 733 969 cepit
758 893 793 950 et
812 885 906 948 misit
923 884 957 948 in
980 883 1167 948 marchiam
1185 883 1324 948 Walliae
1347 884 1391 948 ad

434 993 589 1052 castrum
608 984 792 1051 Goderich.

272 1111 317 1172 rae
332 1108 386 1158 ntur
485 1086 566 1152 Rex
593 1105 676 1152 vero
704 1105 765 1168 per
798 1090 909 1148 totam
939 1081 1096 1165 hyemem
1133 1081 1304 1164 equitavit
1329 1101 1391 1164 per

272 1161 394 1260 tutti?
435 1193 561 1250 teram
580 1185 784 1260 Britannia,
801 1202 863 1267 por
888 1189 1038 1264 quatuor
1068 1181 1191 1246 diaetas
1217 1182 1251 1244 in
1277 1181 1389 1262 longi-

272 1261 398 1351 :illiti
433 1286 566 1363 tudine,
596 1292 632 1350 et
657 1286 745 1349 duas
767 1284 803 1347 in
829 1282 1023 1359 latitudine,
1051 1301 1120 1346 non
1152 1289 1268 1345 tamen
1297 1300 1390 1344 com·

272 1373 324 1408 '⁸¹⁵
435 1384 599 1461 burendo,
617 1404 680 1450 uec
707 1382 906 1457 occidendo,
929 1380 989 1444 sed
1017 1381 1060 1445 de
1086 1380 1237 1463 hisquae
1260 1381 1308 1443 ibi
1335 1379 1389 1442 in·

436 1491 580 1548 venerat
596 1481 828 1555 1victitando;
847 1489 883 1545 et
898 1488 1020 1564 postea
1042 1480 1124 1544 fecit
1141 1478 1290 1552 obsideri
1304 1479 1388 1543 ciri·

435 1590 542 1647 tatem
573 1583 617 1646 de
634 1581 766 1664 Vanys.
818 1580 943 1645 Comes
969 1599 1051 1644 vero
1065 1577 1235 1654 Warwik,
1269 1586 1305 1642 et
1334 1579 1388 1642 sui

435 1682 633 1765 complices,
650 1687 870 1750 accesserunt
895 1680 940 1745 ad
963 1679 1140 1744 civitatem
1157 1679 1199 1743 de
1215 1678 1389 1754 Nauntes,

436 1782 480 1845 ad
510 1781 759 1864 explorandum
788 1779 960 1863 quomodo
991 1779 1114 1842 melius
1147 1784 1266 1860 posset
1297 1779 1389 1842 obsi-

435 1881 529 1956 deri3
564 1882 623 1945 ubi
651 1881 828 1962 fregerunt
861 1885 1002 1962 pontem
1031 1877 1166 1942 civitati
1188 1877 1389 1958 contiguum

272 1984 387 2025 ΜΝ·
435 1981 528 2046 ultra
554 1969 681 2045 flumen
707 1978 865 2063 Lygeris,
897 1996 1018 2042 versus
1048 1977 1254 2042 Pictaviam.
1307 1977 1388 2053 Sed,

272 2036 403 2125 {mr
435 2079 516 2144 dum
539 2080 613 2145 haec
637 2079 754 2144 omnia
780 2084 978 2160 agerentur,
1002 2077 1070 2140 duo
1090 2076 1282 2140 cardinales
1299 2097 1389 2159 prae-

272 2140 333 2224 {3¹13
341 2135 409 2235 5331·
435 2180 531 2257 dicti,
571 2181 661 2244 inter
700 2179 787 2242 duos
829 2177 1001 2241 exercitus
1039 2177 1245 2258 equitantes,
1283 2196 1387 2240 unam

435 2286 592 2362 treugam
614 2279 765 2342 finaliter
780 2284 1020 2361 procurarunt,
1040 2295 1118 2358 qnae
1142 2276 1209 2339 fuit
1226 2294 1304 2340 cum
1322 2275 1388 2338 dii-

436 2379 591 2444 fioultate
612 2399 657 2442 ex
678 2385 778 2461 parte
801 2376 891 2458 regis
907 2373 1046 2458 Angliae
1062 2393 1238 2453 concessa,
1254 2375 1386 2440 decimo

436 2478 492 2542 die
509 2477 679 2555 ianuarii,
697 2479 761 2541 sub
776 2476 841 2540 hac
856 2476 987 2539 forma:

274 2578 416 2669 fffhffhgfflge·
488 2577 696 2641 ‘Universis
720 2583 907 2658 praesentes
932 2575 1051 2640 literas
1075 2574 1292 2657 inspecturis
1314 2593 1390 2651 nos,

437 2675 658 2740 miseratione
688 2675 817 2753 divina,
845 2675 972 2739 Petrus
995 2674 1233 2751 Penestrinus,
1259 2681 1391 2738 sanctae

440 2774 608 2839 Romanae
631 2775 787 2840 ecclesiae
801 2774 1133 2851 vice-cancellarius
1151 2780 1187 2837 et
1198 2771 1390 2838 Ambaldus

438 2874 670 2952 Tusculanus,
690 2875 854 2957 episcopi,
898 2874 1098 2956 apostolicae
1136 2872 1227 2936 sedis
1265 2874 1391 2950 nuntii,

438 2982 560 3040 notum
589 2975 735 3039 facimus
777 2993 840 3056 per
870 2981 1070 3054 praeacutae,
1095 2972 1187 3054 quod
1225 2992 1335 3054 nuper
1369 2991 1392 3036 a

438 3074 655 3139 sanctissimo
700 3079 811 3155 patre,
858 3072 996 3136 domino
1037 3072 1227 3149 Clemente,
1273 3071 1393 3136 divina

438 3174 655 3257 providentia
681 3191 785 3255 papa,
813 3178 926 3248 sexto,
953 3170 995 3235 ad
1017 3171 1174 3234 Franciae
1202 3177 1238 3234 et
1251 3170 1392 3252 Angliee

438 3292 559 3354 regna,
586 3293 649 3356 pro
673 3270 889 3336 reformanda
917 3289 1004 3353 pace
1037 3277 1073 3333 et
1108 3271 1302 3345 concordia,
1330 3290 1393 3335 seu

438 3372 596 3436 ineundis
621 3370 827 3434 sufferentiis
860 3376 921 3433 aut
953 3371 1096 3450 treugis,
1125 3370 1216 3433 inter
1246 3371 1393 3433 serenis-

439 3473 546 3535 simos
570 3469 843 3552 principes,Du1
870 3469 995 3550 gratia,
1014 3469 1170 3532 dominos
1193 3468 1393 3552 Philippum

441 3569 611 3645 Franciae,
637 3588 678 3632 ac
699 3568 908 3632 Edwardum
925 3557 1076 3650 Angliae,
1105 3587 1205 3649 reges
1228 3568 1394 3644 illustres,

440 3669 512 3751 qui,
538 3667 684 3732 faciente
714 3675 830 3732 satore
861 3668 1015 3744 zizaniae,
1053 3668 1244 3750 periculose
1276 3687 1395 3752 quam-

440 3767 624 3851 plurimum
647 3766 691 3831 ad
709 3768 855 3832 invicem
873 3766 1097 3843 dissidebant,
1116 3786 1157 3831 ac
1174 3767 1337 3848 alligatos
1355 3788 1396 3832 ac

440 3867 693 3933 consoederatos
714 3867 913 3944 eorundem,
933 3866 1129 3950 specialiter
1153 3867 1327 3948 destinati,
1351 3867 1395 3931 ad

440 3967 569 4032 dictum
589 3986 732 4048 regnum
752 3968 819 4050 [et]
834 3966 1021 4030 dominium
1035 3967 1192 4030 Franciae
1208 3967 1395 4050 personali·

442 4076 494 4132 ter
527 4067 742 4143 accedentes
772 4086 877 4149 super
910 4067 1098 4149 praemissis
1131 4086 1208 4130 cum
1242 4067 1397 4149 quolibet

441 4167 625 4230 eorundem
644 4185 763 4248 regum
785 4166 940 4230 diversos
956 4172 1126 4230 tractatus
1142 4166 1340 4246 habuimus3
1361 4172 1398 4229 et

735 4313 742 4344 ¹
760 4317 931 4381 ‘vietuando,’
944 4319 1020 4380 Nero,
1032 4318 1067 4366 Ι).
1077 4329 1103 4366 x·
