3146 5038
422 502 488 566 198
776 518 812 566 Α.
831 517 1048 566 ιιυιιιιιιιτιι.

262 691 353 782 ffllee
354 690 406 780 ⁰i11
426 677 681 760 quinquaginta
698 677 868 760 expietis.
898 677 1023 740 unde
1013 697 1048 740 ιιι
1073 694 1137 741 suo
1148 675 1293 760 jubilaeo
1317 697 1379 758 po-

427 777 509 860 pulo
532 797 595 842 suo
618 797 655 842 se
671 777 827 841 exhibuit
844 779 1047 858 gratiosum,
1069 795 1150 839 nam
1168 777 1236 839 reis
1254 777 1381 862 majes-

426 878 510 940 tatis
536 896 609 941 snae
639 876 744 958 resgiae
760 875 909 940 offensas
932 883 968 939 et
992 871 1107 939 reatus
1133 875 1287 953 indulsit,
1305 877 1381 940 vin-

427 975 562 1040 culatos
578 977 684 1041 libere
711 977 806 1041 abiro
833 976 999 1058 permisit,
1027 975 1147 1039 exules
1165 994 1302 1057 quoque
1330 995 1383 1038 re·

427 1077 591 1150 vocavit3
639 1075 683 1140 ad
723 1076 924 1158 petitionem
962 1075 1066 1139 etiam
1110 1074 1381 1151 communitatis,

428 1193 552 1238 causas
565 1175 602 1240 in
613 1176 910 1256 linguamaterna,
923 1181 958 1236 ot
975 1193 1044 1238 non
1058 1181 1237 1251 extranea,
1248 1173 1381 1239 versari

422 1275 551 1358 jussit:
573 1274 733 1357 filiosque
744 1263 826 1338 snos
844 1271 1043 1336 Leonellnm
1062 1271 1144 1336 fecit
1161 1273 1282 1338 ducem
1302 1272 1381 1338 Cle-

427 1373 560 1450 rentiae,
590 1380 625 1437 et
667 1373 886 1437 Edmundum
927 1373 1086 1450 comitem
1123 1370 1381 1455 Cantebriggiae

428 1473 592 1538 instituit.
1157 1498 1159 1504 ·

481 1571 577 1636 Obiit
605 1573 709 1636 etiam
740 1570 805 1635 hoe
833 1589 924 1634 anno
948 1569 1107 1634 dominns
1131 1568 1285 1633 Joannes
1308 1569 1381 1652 epi·

360 1663 556 1757 scopus
586 1670 859 1749 Linoolnieusis;
891 1669 946 1734 cui
974 1669 1152 1746 successit,
1183 1669 1384 1750 provisione

430 1771 558 1835 domini
583 1790 696 1853 papae,
719 1770 877 1833 dominus
898 1769 1054 1832 Joannes
1080 1769 1123 1832 de
1146 1767 1381 1850 Bokinghom.

430 1871 590 1934 Decessit
608 1872 712 1934 etiam
733 1870 798 1933 hoc
814 1887 905 1933 anno
928 1869 1088 1932 dominns
1113 1867 1288 1932 Robertus
1310 1869 1383 1982 epi-

423 1987 556 2052 scopus
575 1969 815 2045 cicestrensis
833 1966 901 2032 cui¹
920 1987 1012 2051 papa
1029 1967 1182 2051 providit
1197 1967 1238 2030 de
1254 1967 1384 2074 magis·

430 2077 484 2133 tro
502 2069 689 2132 Willielmo
709 2068 841 2152 Lynne.

480 2215 588 2331 Anno
606 2268 747 2332 Donum
772 2273 1009 2341 noconxun,
1028 2271 1063 2330 et
1077 2265 1169 2347 regis
1187 2263 1383 2346 Anglornm

430 2365 593 2430 Edwardi
629 2367 723 2430 tertii
756 2384 849 2428 enno
878 2383 1034 2442 xxxvii„
1070 2364 1226 2446 quidem,
1256 2365 1381 2446 spiritu

431 2465 599 2529 diabolico
634 2465 790 2541 excitati,
819 2483 945 2546 corpus
977 2464 1158 2548 cujusdem
1191 2462 1382 2548 sacerdotis

431 2565 467 2627 in
497 2572 647 2646 quatuor
677 2572 793 2647 partes
826 2563 1013 2626 Londoniis
1039 2563 1261 2642 dividebant;
1294 2583 1383 2645 quas

431 2683 493 2744 per
516 2671 665 2745 quatuor
686 2671 804 2747 partes
829 2663 932 2726 dictae
957 2661 1110 2728 civitatis
1136 2661 1382 2726 contemtibili-

431 2769 484 2827 ter
504 2763 734 2846 projecerunt.
779 2755 951 2826 Auctores
977 2769 1091 2827 eutem
1119 2762 1222 2846 hujus
1244 2762 1384 2825 sceleris

430 2863 465 2924 in
483 2862 670 2944 publicum,
696 2882 806 2944 usque
832 2859 916 2925 ιιι12
921 2880 1086 2944 praesens,
1103 2862 1253 2927 nondum
1279 2880 1385 2925 vene-

267 2978 419 3068 Apurpament
431 2970 523 3026 runt.
577 2957 679 3040 Item,
695 2963 761 3027 hoc
778 2981 882 3038 anno,
900 2981 991 3024 nono
1005 2960 1062 3025 die
1078 2960 1250 3036 Octobris
1270 2962 1384 3026 tenuit

267 3079 361 3118 renen
432 3061 625 3126 Edwardns
656 3063 779 3125 tertius
813 3060 1002 3124 Londoniis
1037 3081 1143 3124 unum
1174 3059 1384 3143 parliamen-

430 3167 516 3237 tum,
534 3179 556 3224 u
569 3181 638 3243 quo
655 3161 771 3224 nuilus
787 3179 934 3242 magnus
949 3179 987 3223 se
1003 3161 1117 3243 potuit
1134 3179 1319 3224 excusare:
1346 3161 1383 3223 in

430 3277 499 3342 quo
519 3281 621 3324 omne
645 3269 884 3325 oruamentum
910 3279 1052 3323 aureum
1078 3259 1153 3323 sive
1180 3265 1384 3340 argenteum

429 3366 509 3423 erat
528 3360 742 3437 damnatum,
766 3359 898 3424 scilicet
915 3359 951 3423 in
969 3358 1127 3436 cultellis,
1145 3358 1305 3440 cinguliS,
1322 3377 1386 3422 an·

429 3459 532 3535 nulis,
566 3458 762 3536 monilibus,
788 3467 822 3523 et
850 3459 886 3521 in
912 3459 1036 3522 ceteris
1062 3458 1300 3542 corporalibus
1321 3457 1384 3524 'or-

432 3558 624 3637 namentis3
647 3559 714 3622 nisi
744 3558 847 3622 fuerit
876 3557 969 3636 talis,
988 3557 1048 3642 qui
1076 3577 1138 3640 per
1170 3577 1298 3622 annum
1321 3574 1380 3620 ιιι.

430 3656 535 3720 libras
553 3667 670 3739 posset
685 3658 890 3740 expendere.

431 3770 446 3784 ·’
480 3755 662 3820 Venerunt
692 3757 795 3822 etiam
822 3758 859 3820 in
887 3755 1063 3838 Angliam,
1090 3752 1155 3820 hoc
1179 3775 1282 3834 anno,
1311 3763 1385 3820 tres

428 3996 468 4045 his
485 4012 558 4046 name
577 3999 629 4048 still
646 4014 736 4050 occurs
749 4001 776 4049 in
791 4001 834 4050 the
853 4016 894 4050 ce·
955 3997 1055 4050 ²From
1080 4001 1130 4050 this
1151 4003 1300 4062 expression
1321 4003 1386 4052 Heli

427 4067 515 4116 lendnr
533 4068 562 4116 of
578 4069 619 4118 the
638 4071 711 4118 Book
730 4071 761 4118 of
774 4070 894 4121 Oommou
919 4073 995 4134 again
1012 4071 1123 4120 deduces
1142 4071 1184 4120 the
1199 4071 1340 4121 likelihood
1359 4072 1389 4121 οἰ

429 4136 535 4199 Prnyer.
918 4141 969 4190 this
985 4141 1111 4190 chroniele
1127 4142 1221 4204 having
1237 4143 1300 4190 been
1315 4142 1386 4190 writ-

918 4216 959 4260 ten
968 4213 1003 4272 by
1014 4227 1030 4260 a
1041 4217 1239 4273 contemporary.
1260 4211 1308 4260 See
1317 4216 1387 4272 ante,

464 4271 469 4300 ¹
489 4276 548 4327 ‘Se
559 4278 692 4341 ecelesiae,'
705 4241 774 4328 Hali.
918 4295 944 4342 p.
957 4285 1013 4330 luo.
