3146 5038
514 501 775 554 conrrnuarro.
1052 483 1119 552 185

164 661 338 727 diantibus
366 656 464 744 'regni
501 661 735 744 magnatibus,
764 667 800 724 et
831 677 950 724 eorum
985 657 1117 737 amicis,

164 781 234 844 pax
252 763 419 828 intereos
435 761 498 826 tali
515 772 619 845 pacto
637 768 713 825 erat
731 760 890 839 firmata3
913 759 1006 841 quod
1023 760 1118 824 cives

166 861 327 940 Oxoniae,
368 862 429 946 qui
469 881 611 926 causam
647 859 829 926 discordiae
865 859 1119 937 ministrarunt,

165 961 308 1026 firmiter
330 969 366 1027 et
387 962 636 1044 perpetualiter
660 961 854 1042 obligarent
879 977 917 1022 se
941 976 1117 1041 nunquam

166 1061 208 1125 de
223 1068 338 1125 cetero
360 1061 575 1126 scholaribus
594 1060 742 1124 Oxoniae
762 1054 886 1123 debere
908 1077 1045 1135 nocere,
1062 1058 1117 1122 vel

167 1177 225 1224 eos
250 1161 387 1238 laedere,
410 1168 472 1226 aut
498 1161 661 1244 injuriam
687 1159 757 1223 illis
779 1158 922 1232 inferre3
949 1159 1118 1240 regimen-¹

167 1277 233 1342 que
251 1261 359 1324 totius
374 1260 465 1324 villae
481 1256 705 1324 cancellarius
720 1257 967 1332 universitatis
978 1257 1038 1338 qui
1053 1277 1117 1340 pro

168 1365 322 1441 tempore
347 1359 462 1436 suerit,
481 1368 515 1424 et
539 1359 654 1423 nullus
677 1359 766 1422 alius
791 1352 923 1422 scilicet
944 1357 1063 1433 laicus,
1082 1357 1118 1420 in

168 1467 344 1540 posterum
370 1460 561 1524 obtineret:
595 1459 890 1540 communitasque
920 1453 1014 1520 villae
1042 1456 1117 1520 Ox·

168 1559 256 1622 oniae
294 1558 388 1623 dedit
417 1558 635 1623 universitati
667 1557 834 1622 ducentas
864 1556 1119 1639 quinquaginta

167 1657 273 1721 libras
318 1657 575 1740 sterlingorum,
617 1657 754 1721 nomine
795 1655 1014 1721 emendamm
1054 1673 1118 1738 pro

167 1768 400 1839 transgressu,
430 1756 624 1821 actionibus
647 1756 860 1838 singularum
893 1773 1118 1837 personarum

166 1857 208 1920 de
241 1857 464 1922 universitate
504 1857 725 1921 nibilominus
763 1855 1017 1919 remanentibus
1051 1855 1118 1918 sibi

167 1954 299 2019 salvis.¹

218 2055 300 2119 Hoc
317 2056 420 2120 etiam
438 2073 542 2134 anno,
557 2037 752 2120 ordinatum
768 2058 843 2117 erat
859 2071 921 2134 per
937 2052 1117 2117 consilium

167 2154 297 2218 domini
312 2155 415 2236 regis,
433 2155 526 2238 quod
545 2154 684 2238 stapula
700 2155 857 2219 lanarum
873 2172 937 2234 pro
951 2160 1119 2236 perpetuo

167 2262 324 2318 maneret
340 2247 376 2318 in
394 2252 536 2336 Anglia,
553 2273 615 2338 per
632 2254 770 2319 diversa
786 2259 901 2318 tamen
918 2252 1006 2318 loca.

192 2449 321 2518 'Anno
350 2445 491 2517 Don'rnr
519 2469 707 2530 mecona,
743 2459 779 2517 et
807 2453 907 2534 regis
926 2449 1118 2536 Anglorum

173 2548 335 2619 Edwardi
365 2553 459 2618 tertii
486 2571 577 2618 anno
605 2569 729 2631 xxix„
762 2552 908 2617 decessit
937 2551 1120 2637 Philippus

170 2673 231 2718 rex
249 2653 461 2717 Francorum
474 2650 503 2728 ;2
524 2653 581 2717 cui
602 2652 769 2718 successit
789 2651 881 2716 filius
906 2671 990 2718 suus
1009 2651 1032 2718 J
1035 2673 1120 2718 oan-

173 2773 244 2831 nes,
262 2754 322 2836 qui
340 2752 466 2817 carolo
483 2752 554 2817 filio
569 2771 633 2817 suo
648 2752 775 2818 seniori
794 2752 942 2817 contulit
956 2753 1120 2817 ducatum

171 2852 388 2936 Aquitaniae:
413 2851 663 2934 propterquod
684 2871 747 2915 rex
762 2850 967 2928 EdwarduS,
984 2853 1050 2916 sibi
1066 2854 1119 2916 in·

171 2951 329 3034 dignans,
347 2969 463 3016 coram
478 2951 677 3034 proceribus
694 2951 792 3032 regni
804 2949 944 3032 Angliae
962 2951 1120 3032 assigna·

149 3053 222 3116 ,vit
251 3047 349 3115 illum
383 3051 547 3114 ducatum
575 3051 746 3115 Eduardo
773 3050 1003 3133 primogenito
1033 3068 1118 3131 suo;

171 3152 253 3235 quia
278 3151 378 3214 sibi·
351 3169 443 3235 pure
459 3150 665 3215 hereditario
682 3150 888 3232 pertinebat.
940 3149 1029 3214 Mox
1057 3165 1162 3213 ern-uu
1130 3215 1211 3255 md
1164 3165 1276 3255 ‘³223‘

172 3252 280 3315 ercitu
307 3249 471 3327 adunato,
496 3250 588 3314 circa
621 3250 745 3313 testum
775 3249 982 3313 Natiuitatis
1007 3249 1119 3314 beatae
1129 3265 1167 3304 n
1174 3266 1225 3304 1³¹
1225 3267 1241 3305 r

173 3345 309 3426 Mariae,
335 3346 526 3414 Edwardus
552 3350 712 3433 princeps
728 3349 880 3425 Walliae,
912 3349 1120 3431 primogeni-
1131 3315 1213 3355 mm

173 3459 228 3514 tus
255 3447 347 3530 regis
366 3448 528 3513 Edwardi
549 3449 654 3526 tertii,
670 3448 943 3512 transfretavit
934 3468 970 3511 1n
985 3447 1120 3513 Vasco·

172 3550 289 3623 niam}
314 3554 350 3613 et
364 3549 535 3612 transiens
560 3567 623 3632 per
640 3548 784 3631 patrias,
806 3565 1028 3631 quoscunque
1055 3547 1120 3612 sibi

169 3648 377 3712 rebellantes
394 3655 456 3711 aut
467 3648 603 3724 occidit,
620 3653 681 3711 aut
696 3666 755 3712 eos
770 3666 849 3712 cum
866 3667 984 3711 eorum
1002 3647 1120 3729 spoliis

172 3747 383 3831 captivavit;
408 3745 487 3811 illos
507 3765 589 3811 vero
612 3748 671 3833 qui
694 3765 732 3810 se
757 3754 880 3828 sponte
896 3747 962 3811 sibi
980 3746 1120 3811 reddere

173 3849 367 3922 voluerunt,
383 3845 478 3910 facta
494 3848 527 3910 ei
548 3846 725 3924 fidelitate,
742 3845 873 3928 recepit
897 3847 933 3908 in
958 3846 1119 3927 gratiam,

170 3955 205 4012 et
221 3946 282 4011 illo
299 3965 390 4010 anno
407 3945 573 4011 hiemavit
590 3944 725 4008 ibidem.

205 4221 472 4288 Μ·
