<?xml version="1.0" encoding="UTF-8"?>
<!DOCTYPE html PUBLIC "-//W3C//DTD XHTML 1.0 Transitional//EN"
    "http://www.w3.org/TR/xhtml1/DTD/xhtml1-transitional.dtd">
<html xmlns="http://www.w3.org/1999/xhtml" xml:lang="en" lang="en">
 <head>
  <title>
</title>
<meta http-equiv="Content-Type" content="text/html;charset=utf-8" />
  <meta name='ocr-system' content='tesseract 3.04.00' />
  <meta name='ocr-capabilities' content='ocr_page ocr_carea ocr_par ocr_line ocrx_word'/>
</head>
<body>
  <div class='ocr_page' id='page_1' title='image "adamimurimuthen00hoggoog_0153.png"; bbox 0 0 3134 5046; ppageno 0'>
   <div class='ocr_carea' id='block_1_1' title="bbox 536 499 1123 564">
    <p class='ocr_par' dir='ltr' id='par_1_1' title="bbox 536 499 1123 564">
     <span class='ocr_line' id='line_1_1' title="bbox 536 499 1123 564; baseline 0.002 -3"><span class='ocrx_word' id='word_1_1' title='bbox 536 513 759 564; x_wconf 79' lang='lat' dir='ltr'><strong>crrnorncon.</strong></span> <span class='ocrx_word' id='word_1_2' title='bbox 1059 499 1123 562; x_wconf 78' lang='lat'><strong>127</strong></span> 
     </span>
    </p>
   </div>
   <div class='ocr_carea' id='block_1_2' title="bbox 168 672 1335 3550">
    <p class='ocr_par' dir='ltr' id='par_1_2' title="bbox 168 672 1335 3550">
     <span class='ocr_line' id='line_1_2' title="bbox 168 672 1335 754; baseline 0.002 -20"><span class='ocrx_word' id='word_1_3' title='bbox 168 681 274 754; x_wconf 85' lang='lat' dir='ltr'><strong>gentz</strong></span> <span class='ocrx_word' id='word_1_4' title='bbox 290 672 334 736; x_wconf 87' lang='lat' dir='ltr'><strong>de</strong></span> <span class='ocrx_word' id='word_1_5' title='bbox 349 689 392 735; x_wconf 86' lang='lat' dir='ltr'><strong>se</strong></span> <span class='ocrx_word' id='word_1_6' title='bbox 410 679 510 748; x_wconf 88' lang='lat' dir='ltr'><strong>terre,</strong></span> <span class='ocrx_word' id='word_1_7' title='bbox 527 679 564 735; x_wconf 88' lang='lat' dir='ltr'><strong>et</strong></span> <span class='ocrx_word' id='word_1_8' title='bbox 576 672 659 736; x_wconf 86' lang='lat' dir='ltr'><strong>mist</strong></span> <span class='ocrx_word' id='word_1_9' title='bbox 676 691 824 736; x_wconf 85' lang='lat' dir='ltr'><strong>escouns</strong></span> <span class='ocrx_word' id='word_1_10' title='bbox 839 690 861 735; x_wconf 87' lang='lat' dir='ltr'><strong>e</strong></span> <span class='ocrx_word' id='word_1_11' title='bbox 876 672 1006 736; x_wconf 84' lang='lat' dir='ltr'><strong>vileine</strong></span> <span class='ocrx_word' id='word_1_12' title='bbox 1022 682 1124 750; x_wconf 88' lang='lat' dir='ltr'><strong>mort,</strong></span> <span class='ocrx_word' id='word_1_13' title='bbox 1138 683 1257 726; x_wconf 65' lang='lat' dir='ltr'><strong>senen·</strong></span> <span class='ocrx_word' id='word_1_14' title='bbox 1333 737 1335 743; x_wconf 82' lang='grc'>,</span> 
     </span>
     <span class='ocr_line' id='line_1_3' title="bbox 170 723 1235 856; baseline 0.001 -20"><span class='ocrx_word' id='word_1_15' title='bbox 170 780 205 836; x_wconf 86' lang='lat' dir='ltr'><strong>et</strong></span> <span class='ocrx_word' id='word_1_16' title='bbox 221 773 284 836; x_wconf 87' lang='lat' dir='ltr'><strong>des</strong></span> <span class='ocrx_word' id='word_1_17' title='bbox 301 791 425 837; x_wconf 82' lang='lat' dir='ltr'><strong>ascens</strong></span> <span class='ocrx_word' id='word_1_18' title='bbox 447 772 505 836; x_wconf 81' lang='lat' dir='ltr'><strong>fist</strong></span> <span class='ocrx_word' id='word_1_19' title='bbox 526 773 672 854; x_wconf 76' lang='lat' dir='ltr'>prendre</span> <span class='ocrx_word' id='word_1_20' title='bbox 687 772 765 836; x_wconf 89' lang='lat' dir='ltr'><strong>lour</strong></span> <span class='ocrx_word' id='word_1_21' title='bbox 787 772 884 836; x_wconf 89' lang='lat' dir='ltr'><strong>biens</strong></span> <span class='ocrx_word' id='word_1_22' title='bbox 912 779 947 836; x_wconf 81' lang='lat' dir='ltr'><strong>et</strong></span> <span class='ocrx_word' id='word_1_23' title='bbox 969 792 1030 836; x_wconf 89' lang='lat' dir='ltr'><strong>ceo</strong></span> <span class='ocrx_word' id='word_1_24' title='bbox 1048 770 1189 856; x_wconf 79' lang='lat' dir='ltr'><strong>q&#39;ilsw</strong></span> <span class='ocrx_word' id='word_1_25' title='bbox 1115 723 1189 827; x_wconf 56' lang='grc' dir='ltr'><strong>ἕῗπ</strong></span> <span class='ocrx_word' id='word_1_26' title='bbox 1189 741 1235 825; x_wconf 57' lang='lat'><strong>‘⁸1²⁶</strong></span> 
     </span>
     <span class='ocr_line' id='line_1_4' title="bbox 170 872 1170 956; baseline 0.001 -20"><span class='ocrx_word' id='word_1_27' title='bbox 170 880 335 956; x_wconf 84' lang='lat' dir='ltr'><strong>avoyent,</strong></span> <span class='ocrx_word' id='word_1_28' title='bbox 348 879 385 936; x_wconf 88' lang='lat' dir='ltr'><strong>et</strong></span> <span class='ocrx_word' id='word_1_29' title='bbox 401 891 524 936; x_wconf 87' lang='lat' dir='ltr'><strong>usoons</strong></span> <span class='ocrx_word' id='word_1_30' title='bbox 547 872 629 936; x_wconf 88' lang='lat' dir='ltr'><strong>mist</strong></span> <span class='ocrx_word' id='word_1_31' title='bbox 644 890 667 934; x_wconf 82' lang='lat' dir='ltr'><strong>a</strong></span> <span class='ocrx_word' id='word_1_32' title='bbox 683 891 846 949; x_wconf 83' lang='lat' dir='ltr'><strong>reunson,</strong></span> <span class='ocrx_word' id='word_1_33' title='bbox 864 878 900 935; x_wconf 90' lang='lat' dir='ltr'><strong>et</strong></span> <span class='ocrx_word' id='word_1_34' title='bbox 922 891 984 936; x_wconf 91' lang='lat' dir='ltr'><strong>ceo</strong></span> <span class='ocrx_word' id='word_1_35' title='bbox 1009 893 1052 955; x_wconf 90' lang='lat' dir='ltr'><strong>qe</strong></span> <span class='ocrx_word' id='word_1_36' title='bbox 1071 880 1170 938; x_wconf 84' lang='lat' dir='ltr'><strong>est·</strong></span> 
     </span>
     <span class='ocr_line' id='line_1_5' title="bbox 170 971 1125 1054; baseline 0.001 -18"><span class='ocrx_word' id='word_1_37' title='bbox 170 981 319 1036; x_wconf 82' lang='lat' dir='ltr'><strong>evenutz</strong></span> <span class='ocrx_word' id='word_1_38' title='bbox 332 991 355 1035; x_wconf 83' lang='lat' dir='ltr'><strong>a</strong></span> <span class='ocrx_word' id='word_1_39' title='bbox 371 972 421 1035; x_wconf 89' lang='lat' dir='ltr'><strong>lui</strong></span> <span class='ocrx_word' id='word_1_40' title='bbox 437 990 502 1054; x_wconf 81' lang='lat' dir='ltr'><strong>per</strong></span> <span class='ocrx_word' id='word_1_41' title='bbox 516 979 610 1035; x_wconf 88' lang='lat' dir='ltr'><strong>ceste</strong></span> <span class='ocrx_word' id='word_1_42' title='bbox 627 991 761 1048; x_wconf 84' lang='lat' dir='ltr'><strong>causes,</strong></span> <span class='ocrx_word' id='word_1_43' title='bbox 775 989 862 1037; x_wconf 84' lang='lat' dir='ltr'><strong>vous</strong></span> <span class='ocrx_word' id='word_1_44' title='bbox 879 971 912 1035; x_wconf 86' lang='lat' dir='ltr'><strong>le</strong></span> <span class='ocrx_word' id='word_1_45' title='bbox 928 991 1042 1037; x_wconf 80' lang='lat' dir='ltr'><strong>seven.</strong></span> <span class='ocrx_word' id='word_1_46' title='bbox 1078 973 1125 1037; x_wconf 89' lang='lat' dir='ltr'><strong>Et</strong></span> 
     </span>
     <span class='ocr_line' id='line_1_6' title="bbox 172 1071 1123 1154; baseline 0.001 -20"><span class='ocrx_word' id='word_1_47' title='bbox 172 1072 262 1154; x_wconf 88' lang='lat' dir='ltr'><strong>puis,</strong></span> <span class='ocrx_word' id='word_1_48' title='bbox 279 1073 360 1148; x_wconf 85' lang='lat' dir='ltr'><strong>sire,</strong></span> <span class='ocrx_word' id='word_1_49' title='bbox 377 1091 421 1134; x_wconf 92' lang='lat' dir='ltr'><strong>en</strong></span> <span class='ocrx_word' id='word_1_50' title='bbox 446 1078 542 1136; x_wconf 73' lang='lat' dir='ltr'><strong>notre</strong></span> <span class='ocrx_word' id='word_1_51' title='bbox 567 1079 679 1154; x_wconf 81' lang='lat' dir='ltr'>temps</span> <span class='ocrx_word' id='word_1_52' title='bbox 706 1071 803 1135; x_wconf 83' lang='lat' dir='ltr'><strong>aviez</strong></span> <span class='ocrx_word' id='word_1_53' title='bbox 830 1090 956 1135; x_wconf 81' lang='lat' dir='ltr'><strong>ascens</strong></span> <span class='ocrx_word' id='word_1_54' title='bbox 979 1072 1123 1136; x_wconf 86' lang='lat' dir='ltr'><strong>conseil-</strong></span> 
     </span>
     <span class='ocr_line' id='line_1_7' title="bbox 172 1170 1130 1255; baseline 0.001 -21"><span class='ocrx_word' id='word_1_55' title='bbox 172 1172 279 1248; x_wconf 89' lang='lat' dir='ltr'><strong>lonrs,</strong></span> <span class='ocrx_word' id='word_1_56' title='bbox 296 1191 360 1254; x_wconf 85' lang='lat' dir='ltr'><strong>per</strong></span> <span class='ocrx_word' id='word_1_57' title='bbox 388 1171 420 1235; x_wconf 90' lang='lat' dir='ltr'><strong>le</strong></span> <span class='ocrx_word' id='word_1_58' title='bbox 437 1190 553 1253; x_wconf 81' lang='lat' dir='ltr'><strong>queux</strong></span> <span class='ocrx_word' id='word_1_59' title='bbox 568 1190 656 1235; x_wconf 89' lang='lat' dir='ltr'><strong>vous</strong></span> <span class='ocrx_word' id='word_1_60' title='bbox 677 1170 774 1235; x_wconf 82' lang='lat' dir='ltr'><strong>eviez</strong></span> <span class='ocrx_word' id='word_1_61' title='bbox 799 1171 906 1253; x_wconf 72' lang='lat' dir='ltr'><strong>perun</strong></span> <span class='ocrx_word' id='word_1_62' title='bbox 933 1171 982 1234; x_wconf 89' lang='lat' dir='ltr'><strong>les</strong></span> <span class='ocrx_word' id='word_1_63' title='bbox 999 1191 1130 1255; x_wconf 75' lang='lat' dir='ltr'><strong>queorq</strong></span> 
     </span>
     <span class='ocr_line' id='line_1_8' title="bbox 172 1270 1126 1353; baseline -0.001 -19"><span class='ocrx_word' id='word_1_64' title='bbox 172 1272 215 1335; x_wconf 88' lang='lat' dir='ltr'><strong>de</strong></span> <span class='ocrx_word' id='word_1_65' title='bbox 229 1281 328 1336; x_wconf 85' lang='lat' dir='ltr'><strong>votre</strong></span> <span class='ocrx_word' id='word_1_66' title='bbox 341 1270 476 1353; x_wconf 88' lang='lat' dir='ltr'><strong>poeple,</strong></span> <span class='ocrx_word' id='word_1_67' title='bbox 489 1271 534 1334; x_wconf 89' lang='lat' dir='ltr'><strong>de</strong></span> <span class='ocrx_word' id='word_1_68' title='bbox 550 1271 679 1353; x_wconf 82' lang='lat' dir='ltr'><strong>quieux</strong></span> <span class='ocrx_word' id='word_1_69' title='bbox 701 1271 799 1335; x_wconf 81' lang='lat' dir='ltr'><strong>Druu</strong></span> <span class='ocrx_word' id='word_1_70' title='bbox 818 1289 906 1335; x_wconf 89' lang='lat' dir='ltr'><strong>vous</strong></span> <span class='ocrx_word' id='word_1_71' title='bbox 923 1270 1075 1335; x_wconf 73' lang='lat' dir='ltr'><strong>delinere</strong></span> <span class='ocrx_word' id='word_1_72' title='bbox 1094 1272 1126 1334; x_wconf 84' lang='lat' dir='ltr'><strong>si</strong></span> 
     </span>
     <span class='ocr_line' id='line_1_9' title="bbox 173 1370 1126 1454; baseline -0.001 -19"><span class='ocrx_word' id='word_1_73' title='bbox 173 1391 271 1435; x_wconf 88' lang='lat' dir='ltr'><strong>corne</strong></span> <span class='ocrx_word' id='word_1_74' title='bbox 292 1370 342 1433; x_wconf 86' lang='lat' dir='ltr'><strong>lui</strong></span> <span class='ocrx_word' id='word_1_75' title='bbox 367 1370 472 1454; x_wconf 90' lang='lat' dir='ltr'><strong>plust.</strong></span> <span class='ocrx_word' id='word_1_76' title='bbox 531 1370 579 1434; x_wconf 87' lang='lat' dir='ltr'><strong>Et</strong></span> <span class='ocrx_word' id='word_1_77' title='bbox 601 1371 680 1453; x_wconf 82' lang='lat' dir='ltr'><strong>puis</strong></span> <span class='ocrx_word' id='word_1_78' title='bbox 710 1378 815 1453; x_wconf 87' lang='lat' dir='ltr'><strong>tunqe</strong></span> <span class='ocrx_word' id='word_1_79' title='bbox 838 1389 942 1435; x_wconf 82' lang='lat' dir='ltr'><strong>encee</strong></span> <span class='ocrx_word' id='word_1_80' title='bbox 971 1390 1036 1453; x_wconf 86' lang='lat' dir='ltr'><strong>per</strong></span> <span class='ocrx_word' id='word_1_81' title='bbox 1058 1373 1126 1434; x_wconf 91' lang='lat' dir='ltr'><strong>bon</strong></span> 
     </span>
     <span class='ocr_line' id='line_1_10' title="bbox 175 1470 1126 1554; baseline -0.001 -20"><span class='ocrx_word' id='word_1_82' title='bbox 175 1471 366 1534; x_wconf 82' lang='lat' dir='ltr'><strong>nuisement</strong></span> <span class='ocrx_word' id='word_1_83' title='bbox 392 1470 435 1534; x_wconf 91' lang='lat' dir='ltr'><strong>de</strong></span> <span class='ocrx_word' id='word_1_84' title='bbox 461 1470 604 1552; x_wconf 78' lang='lat' dir='ltr'><strong>prolatu,</strong></span> <span class='ocrx_word' id='word_1_85' title='bbox 621 1471 732 1554; x_wconf 80' lang='lat' dir='ltr'><strong>pieres</strong></span> <span class='ocrx_word' id='word_1_86' title='bbox 750 1478 885 1552; x_wconf 74' lang='lat' dir='ltr'><strong>grente,</strong></span> <span class='ocrx_word' id='word_1_87' title='bbox 903 1479 939 1534; x_wconf 93' lang='lat' dir='ltr'><strong>et</strong></span> <span class='ocrx_word' id='word_1_88' title='bbox 961 1489 1062 1553; x_wconf 81' lang='lat' dir='ltr'><strong>seges</strong></span> <span class='ocrx_word' id='word_1_89' title='bbox 1079 1471 1126 1533; x_wconf 90' lang='lat' dir='ltr'><strong>dn</strong></span> 
     </span>
     <span class='ocr_line' id='line_1_11' title="bbox 174 1569 1128 1652; baseline -0.002 -16"><span class='ocrx_word' id='word_1_90' title='bbox 174 1571 304 1635; x_wconf 87' lang='lat' dir='ltr'><strong>conseil</strong></span> <span class='ocrx_word' id='word_1_91' title='bbox 318 1570 361 1632; x_wconf 90' lang='lat' dir='ltr'><strong>de</strong></span> <span class='ocrx_word' id='word_1_92' title='bbox 378 1569 413 1632; x_wconf 88' lang='lat' dir='ltr'><strong>la</strong></span> <span class='ocrx_word' id='word_1_93' title='bbox 429 1576 520 1634; x_wconf 91' lang='lat' dir='ltr'><strong>terre</strong></span> <span class='ocrx_word' id='word_1_94' title='bbox 532 1589 594 1634; x_wconf 90' lang='lat' dir='ltr'><strong>vos</strong></span> <span class='ocrx_word' id='word_1_95' title='bbox 605 1571 789 1652; x_wconf 84' lang='lat' dir='ltr'><strong>bosoignes</strong></span> <span class='ocrx_word' id='word_1_96' title='bbox 800 1579 885 1634; x_wconf 89' lang='lat' dir='ltr'><strong>ount</strong></span> <span class='ocrx_word' id='word_1_97' title='bbox 900 1578 993 1634; x_wconf 77' lang='lat' dir='ltr'><strong>estez</strong></span> <span class='ocrx_word' id='word_1_98' title='bbox 1010 1591 1128 1634; x_wconf 81' lang='lat' dir='ltr'><strong>menen</strong></span> 
     </span>
     <span class='ocr_line' id='line_1_12' title="bbox 174 1669 1127 1753; baseline 0.001 -20"><span class='ocrx_word' id='word_1_99' title='bbox 174 1690 219 1733; x_wconf 89' lang='lat' dir='ltr'><strong>en</strong></span> <span class='ocrx_word' id='word_1_100' title='bbox 228 1669 289 1734; x_wconf 86' lang='lat' dir='ltr'><strong>tiel</strong></span> <span class='ocrx_word' id='word_1_101' title='bbox 306 1689 444 1734; x_wconf 83' lang='lat' dir='ltr'><strong>manere</strong></span> <span class='ocrx_word' id='word_1_102' title='bbox 454 1689 497 1752; x_wconf 90' lang='lat' dir='ltr'><strong>qe</strong></span> <span class='ocrx_word' id='word_1_103' title='bbox 509 1689 597 1734; x_wconf 85' lang='lat' dir='ltr'><strong>vous</strong></span> <span class='ocrx_word' id='word_1_104' title='bbox 607 1689 692 1734; x_wconf 83' lang='lat' dir='ltr'><strong>aven</strong></span> <span class='ocrx_word' id='word_1_105' title='bbox 703 1671 927 1735; x_wconf 78' lang='lat' dir='ltr'><strong>entier-ornent</strong></span> <span class='ocrx_word' id='word_1_106' title='bbox 938 1671 988 1734; x_wconf 90' lang='lat' dir='ltr'><strong>les</strong></span> <span class='ocrx_word' id='word_1_107' title='bbox 1002 1689 1127 1753; x_wconf 88' lang='lat' dir='ltr'><strong>queors</strong></span> 
     </span>
     <span class='ocr_line' id='line_1_13' title="bbox 175 1770 1127 1852; baseline 0 -19"><span class='ocrx_word' id='word_1_108' title='bbox 175 1771 219 1834; x_wconf 88' lang='lat' dir='ltr'><strong>de</strong></span> <span class='ocrx_word' id='word_1_109' title='bbox 234 1789 322 1834; x_wconf 82' lang='lat' dir='ltr'><strong>vous</strong></span> <span class='ocrx_word' id='word_1_110' title='bbox 332 1777 445 1851; x_wconf 71' lang='lat' dir='ltr'><strong>gente,</strong></span> <span class='ocrx_word' id='word_1_111' title='bbox 462 1770 497 1852; x_wconf 88' lang='lat' dir='ltr'><strong>qi</strong></span> <span class='ocrx_word' id='word_1_112' title='bbox 510 1789 597 1834; x_wconf 84' lang='lat' dir='ltr'><strong>vous</strong></span> <span class='ocrx_word' id='word_1_113' title='bbox 614 1776 700 1834; x_wconf 86' lang='lat' dir='ltr'><strong>ount</strong></span> <span class='ocrx_word' id='word_1_114' title='bbox 715 1770 832 1852; x_wconf 85' lang='lat' dir='ltr'><strong>eyden,</strong></span> <span class='ocrx_word' id='word_1_115' title='bbox 846 1771 931 1833; x_wconf 83' lang='lat' dir='ltr'><strong>auxi</strong></span> <span class='ocrx_word' id='word_1_116' title='bbox 948 1770 1027 1834; x_wconf 90' lang='lat' dir='ltr'><strong>bien</strong></span> <span class='ocrx_word' id='word_1_117' title='bbox 1040 1770 1127 1833; x_wconf 89' lang='lat' dir='ltr'><strong>clers</strong></span> 
     </span>
     <span class='ocr_line' id='line_1_14' title="bbox 175 1868 1127 1951; baseline -0.001 -18"><span class='ocrx_word' id='word_1_118' title='bbox 175 1889 274 1934; x_wconf 89' lang='lat' dir='ltr'><strong>come</strong></span> <span class='ocrx_word' id='word_1_119' title='bbox 291 1877 419 1946; x_wconf 84' lang='lat' dir='ltr'><strong>autres,</strong></span> <span class='ocrx_word' id='word_1_120' title='bbox 436 1871 466 1932; x_wconf 83' lang='lat' dir='ltr'><strong>si</strong></span> <span class='ocrx_word' id='word_1_121' title='bbox 482 1877 650 1934; x_wconf 82' lang='lat' dir='ltr'><strong>aventon</strong></span> <span class='ocrx_word' id='word_1_122' title='bbox 668 1870 747 1951; x_wconf 89' lang='lat' dir='ltr'><strong>plus</strong></span> <span class='ocrx_word' id='word_1_123' title='bbox 764 1889 861 1934; x_wconf 88' lang='lat' dir='ltr'><strong>come</strong></span> <span class='ocrx_word' id='word_1_124' title='bbox 877 1889 988 1951; x_wconf 89' lang='lat' dir='ltr'><strong>unqes</strong></span> <span class='ocrx_word' id='word_1_125' title='bbox 1005 1868 1059 1933; x_wconf 87' lang='lat' dir='ltr'><strong>fut</strong></span> <span class='ocrx_word' id='word_1_126' title='bbox 1076 1870 1127 1932; x_wconf 89' lang='lat' dir='ltr'><strong>roi</strong></span> 
     </span>
     <span class='ocr_line' id='line_1_15' title="bbox 174 1969 1127 2053; baseline -0.001 -20"><span class='ocrx_word' id='word_1_127' title='bbox 174 1969 433 2051; x_wconf 81' lang='lat' dir='ltr'><strong>d’Engleterre3</strong></span> <span class='ocrx_word' id='word_1_128' title='bbox 456 1969 558 2034; x_wconf 86' lang='lat' dir='ltr'><strong>issint</strong></span> <span class='ocrx_word' id='word_1_129' title='bbox 573 1989 617 2051; x_wconf 89' lang='lat' dir='ltr'><strong>qe</strong></span> <span class='ocrx_word' id='word_1_130' title='bbox 633 1977 863 2053; x_wconf 85' lang='lat' dir='ltr'><strong>parmyvotre</strong></span> <span class='ocrx_word' id='word_1_131' title='bbox 881 1969 969 2033; x_wconf 90' lang='lat' dir='ltr'><strong>bone</strong></span> <span class='ocrx_word' id='word_1_132' title='bbox 987 1969 1127 2046; x_wconf 88' lang='lat' dir='ltr'><strong>conseil,</strong></span> 
     </span>
     <span class='ocr_line' id='line_1_16' title="bbox 176 2068 1129 2151; baseline -0.002 -18"><span class='ocrx_word' id='word_1_133' title='bbox 176 2069 276 2133; x_wconf 84' lang='lat' dir='ltr'><strong>l&#39;eide</strong></span> <span class='ocrx_word' id='word_1_134' title='bbox 301 2068 343 2132; x_wconf 91' lang='lat' dir='ltr'><strong>de</strong></span> <span class='ocrx_word' id='word_1_135' title='bbox 363 2087 427 2133; x_wconf 86' lang='lat' dir='ltr'><strong>vos</strong></span> <span class='ocrx_word' id='word_1_136' title='bbox 452 2078 567 2150; x_wconf 73' lang='lat' dir='ltr'><strong>gente,</strong></span> <span class='ocrx_word' id='word_1_137' title='bbox 583 2076 620 2133; x_wconf 89' lang='lat' dir='ltr'><strong>et</strong></span> <span class='ocrx_word' id='word_1_138' title='bbox 646 2069 683 2132; x_wconf 82' lang='lat' dir='ltr'><strong>lo</strong></span> <span class='ocrx_word' id='word_1_139' title='bbox 706 2087 810 2151; x_wconf 81' lang='lat' dir='ltr'><strong>grece</strong></span> <span class='ocrx_word' id='word_1_140' title='bbox 835 2088 878 2151; x_wconf 92' lang='lat' dir='ltr'><strong>qe</strong></span> <span class='ocrx_word' id='word_1_141' title='bbox 896 2069 1024 2133; x_wconf 79' lang='lat' dir='ltr'><strong>Drnux</strong></span> <span class='ocrx_word' id='word_1_142' title='bbox 1043 2087 1129 2132; x_wconf 88' lang='lat' dir='ltr'><strong>vous</strong></span> 
     </span>
     <span class='ocr_line' id='line_1_17' title="bbox 177 2169 1129 2247; baseline -0.001 -14"><span class='ocrx_word' id='word_1_143' title='bbox 177 2169 223 2233; x_wconf 84' lang='lat' dir='ltr'><strong>ed</strong></span> <span class='ocrx_word' id='word_1_144' title='bbox 247 2169 367 2247; x_wconf 87' lang='lat' dir='ltr'><strong>donee,</strong></span> <span class='ocrx_word' id='word_1_145' title='bbox 388 2187 472 2232; x_wconf 81' lang='lat' dir='ltr'><strong>avez</strong></span> <span class='ocrx_word' id='word_1_146' title='bbox 497 2189 541 2233; x_wconf 92' lang='lat' dir='ltr'><strong>eu</strong></span> <span class='ocrx_word' id='word_1_147' title='bbox 571 2169 715 2234; x_wconf 82' lang='lat' dir='ltr'><strong>victorie</strong></span> <span class='ocrx_word' id='word_1_148' title='bbox 743 2169 865 2233; x_wconf 81' lang='lat' dir='ltr'><strong>devere</strong></span> <span class='ocrx_word' id='word_1_149' title='bbox 891 2189 979 2233; x_wconf 88' lang='lat' dir='ltr'><strong>vous</strong></span> <span class='ocrx_word' id='word_1_150' title='bbox 1001 2169 1129 2232; x_wconf 88' lang='lat' dir='ltr'><strong>enemis</strong></span> 
     </span>
     <span class='ocr_line' id='line_1_18' title="bbox 177 2267 1129 2351; baseline 0 -19"><span class='ocrx_word' id='word_1_151' title='bbox 177 2269 357 2345; x_wconf 72' lang='lat' dir='ltr'><strong>d&#39;Fscoce,</strong></span> <span class='ocrx_word' id='word_1_152' title='bbox 375 2275 411 2332; x_wconf 85' lang='lat' dir='ltr'><strong>et</strong></span> <span class='ocrx_word' id='word_1_153' title='bbox 427 2268 470 2333; x_wconf 91' lang='lat' dir='ltr'><strong>de</strong></span> <span class='ocrx_word' id='word_1_154' title='bbox 486 2269 631 2347; x_wconf 88' lang='lat' dir='ltr'><strong>Frence,</strong></span> <span class='ocrx_word' id='word_1_155' title='bbox 642 2276 678 2332; x_wconf 87' lang='lat' dir='ltr'><strong>et</strong></span> <span class='ocrx_word' id='word_1_156' title='bbox 695 2267 738 2332; x_wconf 89' lang='lat' dir='ltr'><strong>de</strong></span> <span class='ocrx_word' id='word_1_157' title='bbox 749 2276 845 2332; x_wconf 82' lang='lat' dir='ltr'><strong>toutn</strong></span> <span class='ocrx_word' id='word_1_158' title='bbox 863 2287 955 2351; x_wconf 83' lang='lat' dir='ltr'><strong>pers,</strong></span> <span class='ocrx_word' id='word_1_159' title='bbox 967 2269 1069 2333; x_wconf 88' lang='lat' dir='ltr'><strong>issiut</strong></span> <span class='ocrx_word' id='word_1_160' title='bbox 1085 2289 1129 2350; x_wconf 90' lang='lat' dir='ltr'><strong>qe</strong></span> 
     </span>
     <span class='ocr_line' id='line_1_19' title="bbox 177 2368 1131 2452; baseline 0.001 -20"><span class='ocrx_word' id='word_1_161' title='bbox 177 2387 201 2432; x_wconf 84' lang='lat' dir='ltr'><strong>n</strong></span> <span class='ocrx_word' id='word_1_162' title='bbox 213 2368 297 2452; x_wconf 89' lang='lat' dir='ltr'><strong>jour</strong></span> <span class='ocrx_word' id='word_1_163' title='bbox 312 2368 355 2432; x_wconf 88' lang='lat' dir='ltr'><strong>de</strong></span> <span class='ocrx_word' id='word_1_164' title='bbox 367 2368 437 2445; x_wconf 89' lang='lat' dir='ltr'><strong>hui,</strong></span> <span class='ocrx_word' id='word_1_165' title='bbox 456 2368 604 2433; x_wconf 88' lang='lat' dir='ltr'><strong>honorez</strong></span> <span class='ocrx_word' id='word_1_166' title='bbox 621 2368 690 2438; x_wconf 81' lang='lat' dir='ltr'><strong>soit</strong></span> <span class='ocrx_word' id='word_1_167' title='bbox 707 2369 848 2447; x_wconf 77' lang='lat' dir='ltr'><strong>Druux,</strong></span> <span class='ocrx_word' id='word_1_168' title='bbox 867 2388 953 2433; x_wconf 85' lang='lat' dir='ltr'><strong>vous</strong></span> <span class='ocrx_word' id='word_1_169' title='bbox 971 2375 1062 2433; x_wconf 87' lang='lat' dir='ltr'><strong>estes</strong></span> <span class='ocrx_word' id='word_1_170' title='bbox 1080 2374 1131 2432; x_wconf 71' lang='lat' dir='ltr'><strong>te</strong></span> 
     </span>
     <span class='ocr_line' id='line_1_20' title="bbox 179 2467 1131 2552; baseline 0.001 -21"><span class='ocrx_word' id='word_1_171' title='bbox 179 2487 246 2532; x_wconf 82' lang='lat' dir='ltr'><strong>nun</strong></span> <span class='ocrx_word' id='word_1_172' title='bbox 261 2468 294 2532; x_wconf 88' lang='lat' dir='ltr'><strong>le</strong></span> <span class='ocrx_word' id='word_1_173' title='bbox 310 2469 389 2552; x_wconf 87' lang='lat' dir='ltr'><strong>plns</strong></span> <span class='ocrx_word' id='word_1_174' title='bbox 405 2469 507 2533; x_wconf 86' lang='lat' dir='ltr'><strong>noble</strong></span> <span class='ocrx_word' id='word_1_175' title='bbox 524 2469 641 2551; x_wconf 88' lang='lat' dir='ltr'><strong>prince</strong></span> <span class='ocrx_word' id='word_1_176' title='bbox 659 2468 703 2532; x_wconf 90' lang='lat' dir='ltr'><strong>de</strong></span> <span class='ocrx_word' id='word_1_177' title='bbox 718 2467 912 2547; x_wconf 81' lang='lat' dir='ltr'><strong>Crestiens3</strong></span> <span class='ocrx_word' id='word_1_178' title='bbox 940 2475 975 2534; x_wconf 91' lang='lat' dir='ltr'><strong>et</strong></span> <span class='ocrx_word' id='word_1_179' title='bbox 991 2489 1050 2533; x_wconf 88' lang='lat' dir='ltr'><strong>ore</strong></span> <span class='ocrx_word' id='word_1_180' title='bbox 1068 2487 1131 2551; x_wconf 82' lang='lat' dir='ltr'><strong>per</strong></span> 
     </span>
     <span class='ocr_line' id='line_1_21' title="bbox 178 2567 1131 2651; baseline 0 -20"><span class='ocrx_word' id='word_1_181' title='bbox 178 2569 335 2651; x_wconf 80' lang='lat' dir='ltr'><strong>malveys</strong></span> <span class='ocrx_word' id='word_1_182' title='bbox 352 2568 481 2632; x_wconf 87' lang='lat' dir='ltr'><strong>conseil</strong></span> <span class='ocrx_word' id='word_1_183' title='bbox 496 2576 533 2632; x_wconf 91' lang='lat' dir='ltr'><strong>et</strong></span> <span class='ocrx_word' id='word_1_184' title='bbox 546 2570 627 2633; x_wconf 80' lang='lat' dir='ltr'><strong>abet</strong></span> <span class='ocrx_word' id='word_1_185' title='bbox 644 2568 705 2632; x_wconf 89' lang='lat' dir='ltr'><strong>des</strong></span> <span class='ocrx_word' id='word_1_186' title='bbox 721 2587 844 2632; x_wconf 82' lang='lat' dir='ltr'><strong>nscons</strong></span> <span class='ocrx_word' id='word_1_187' title='bbox 858 2576 961 2650; x_wconf 84' lang='lat' dir='ltr'><strong>gentz</strong></span> <span class='ocrx_word' id='word_1_188' title='bbox 977 2568 1021 2632; x_wconf 91' lang='lat' dir='ltr'><strong>de</strong></span> <span class='ocrx_word' id='word_1_189' title='bbox 1038 2567 1131 2633; x_wconf 84' lang='lat' dir='ltr'><strong>ceste</strong></span> 
     </span>
     <span class='ocr_line' id='line_1_22' title="bbox 181 2668 1131 2750; baseline 0.002 -19"><span class='ocrx_word' id='word_1_190' title='bbox 181 2676 285 2745; x_wconf 86' lang='lat' dir='ltr'><strong>terre,</strong></span> <span class='ocrx_word' id='word_1_191' title='bbox 301 2669 338 2749; x_wconf 88' lang='lat' dir='ltr'><strong>qi</strong></span> <span class='ocrx_word' id='word_1_192' title='bbox 359 2688 402 2731; x_wconf 92' lang='lat' dir='ltr'><strong>ne</strong></span> <span class='ocrx_word' id='word_1_193' title='bbox 417 2677 496 2732; x_wconf 86' lang='lat' dir='ltr'><strong>sont</strong></span> <span class='ocrx_word' id='word_1_194' title='bbox 513 2688 576 2750; x_wconf 80' lang='lat' dir='ltr'><strong>pas</strong></span> <span class='ocrx_word' id='word_1_195' title='bbox 592 2669 622 2731; x_wconf 92' lang='lat' dir='ltr'><strong>si</strong></span> <span class='ocrx_word' id='word_1_196' title='bbox 634 2687 721 2749; x_wconf 79' lang='lat' dir='ltr'><strong>sege</strong></span> <span class='ocrx_word' id='word_1_197' title='bbox 738 2687 835 2732; x_wconf 88' lang='lat' dir='ltr'><strong>corne</strong></span> <span class='ocrx_word' id='word_1_198' title='bbox 848 2676 976 2733; x_wconf 87' lang='lat' dir='ltr'><strong>mestre</strong></span> <span class='ocrx_word' id='word_1_199' title='bbox 993 2668 1078 2745; x_wconf 84' lang='lat' dir='ltr'><strong>seut,</strong></span> <span class='ocrx_word' id='word_1_200' title='bbox 1094 2677 1131 2733; x_wconf 88' lang='lat' dir='ltr'><strong>et</strong></span> 
     </span>
     <span class='ocr_line' id='line_1_23' title="bbox 179 2768 1130 2851; baseline 0.001 -20"><span class='ocrx_word' id='word_1_201' title='bbox 179 2787 245 2850; x_wconf 85' lang='lat' dir='ltr'><strong>per</strong></span> <span class='ocrx_word' id='word_1_202' title='bbox 262 2768 392 2832; x_wconf 88' lang='lat' dir='ltr'><strong>conseil</strong></span> <span class='ocrx_word' id='word_1_203' title='bbox 406 2768 468 2832; x_wconf 88' lang='lat' dir='ltr'><strong>des</strong></span> <span class='ocrx_word' id='word_1_204' title='bbox 484 2777 614 2845; x_wconf 81' lang='lat' dir='ltr'><strong>autres,</strong></span> <span class='ocrx_word' id='word_1_205' title='bbox 634 2769 670 2851; x_wconf 90' lang='lat' dir='ltr'><strong>qi</strong></span> <span class='ocrx_word' id='word_1_206' title='bbox 687 2769 766 2850; x_wconf 70' lang='lat' dir='ltr'><strong>ptus</strong></span> <span class='ocrx_word' id='word_1_207' title='bbox 781 2769 935 2832; x_wconf 87' lang='lat' dir='ltr'><strong>desirent</strong></span> <span class='ocrx_word' id='word_1_208' title='bbox 957 2769 1034 2832; x_wconf 86' lang='lat' dir='ltr'><strong>leur</strong></span> <span class='ocrx_word' id='word_1_209' title='bbox 1049 2788 1130 2851; x_wconf 92' lang='lat' dir='ltr'><strong>pro·</strong></span> 
     </span>
     <span class='ocr_line' id='line_1_24' title="bbox 181 2867 1130 2950; baseline 0.003 -21"><span class='ocrx_word' id='word_1_210' title='bbox 181 2867 240 2932; x_wconf 88' lang='lat' dir='ltr'><strong>fist</strong></span> <span class='ocrx_word' id='word_1_211' title='bbox 264 2887 309 2950; x_wconf 92' lang='lat' dir='ltr'><strong>qe</strong></span> <span class='ocrx_word' id='word_1_212' title='bbox 334 2876 431 2932; x_wconf 89' lang='lat' dir='ltr'><strong>votre</strong></span> <span class='ocrx_word' id='word_1_213' title='bbox 463 2868 585 2944; x_wconf 82' lang='lat' dir='ltr'><strong>benur,</strong></span> <span class='ocrx_word' id='word_1_214' title='bbox 604 2887 651 2931; x_wconf 92' lang='lat' dir='ltr'><strong>ou</strong></span> <span class='ocrx_word' id='word_1_215' title='bbox 676 2869 875 2933; x_wconf 83' lang='lat' dir='ltr'><strong>salvatioun</strong></span> <span class='ocrx_word' id='word_1_216' title='bbox 900 2869 944 2931; x_wconf 87' lang='lat' dir='ltr'><strong>de</strong></span> <span class='ocrx_word' id='word_1_217' title='bbox 967 2868 1002 2931; x_wconf 86' lang='lat' dir='ltr'><strong>la</strong></span> <span class='ocrx_word' id='word_1_218' title='bbox 1027 2875 1130 2944; x_wconf 89' lang='lat' dir='ltr'><strong>terre,</strong></span> 
     </span>
     <span class='ocr_line' id='line_1_25' title="bbox 184 2967 1130 3050; baseline -0.001 -19"><span class='ocrx_word' id='word_1_219' title='bbox 184 2986 272 3031; x_wconf 87' lang='lat' dir='ltr'><strong>vous</strong></span> <span class='ocrx_word' id='word_1_220' title='bbox 296 2985 510 3032; x_wconf 86' lang='lat' dir='ltr'><strong>commencez</strong></span> <span class='ocrx_word' id='word_1_221' title='bbox 525 2967 568 3031; x_wconf 89' lang='lat' dir='ltr'><strong>de</strong></span> <span class='ocrx_word' id='word_1_222' title='bbox 583 2967 731 3050; x_wconf 88' lang='lat' dir='ltr'><strong>prender</strong></span> <span class='ocrx_word' id='word_1_223' title='bbox 752 2968 853 3043; x_wconf 91' lang='lat' dir='ltr'><strong>clers,</strong></span> <span class='ocrx_word' id='word_1_224' title='bbox 874 2967 998 3050; x_wconf 86' lang='lat' dir='ltr'><strong>pieres,</strong></span> <span class='ocrx_word' id='word_1_225' title='bbox 1013 2975 1050 3031; x_wconf 88' lang='lat' dir='ltr'><strong>et</strong></span> <span class='ocrx_word' id='word_1_226' title='bbox 1069 2987 1130 3030; x_wconf 86' lang='lat' dir='ltr'><strong>eu-</strong></span> 
     </span>
     <span class='ocr_line' id='line_1_26' title="bbox 182 3067 1133 3150; baseline -0.001 -19"><span class='ocrx_word' id='word_1_227' title='bbox 182 3074 254 3131; x_wconf 87' lang='lat' dir='ltr'><strong>tres</strong></span> <span class='ocrx_word' id='word_1_228' title='bbox 266 3074 372 3149; x_wconf 83' lang='lat' dir='ltr'><strong>gentz</strong></span> <span class='ocrx_word' id='word_1_229' title='bbox 383 3067 427 3131; x_wconf 87' lang='lat' dir='ltr'><strong>de</strong></span> <span class='ocrx_word' id='word_1_230' title='bbox 442 3068 478 3130; x_wconf 84' lang='lat' dir='ltr'><strong>le</strong></span> <span class='ocrx_word' id='word_1_231' title='bbox 494 3074 593 3144; x_wconf 88' lang='lat' dir='ltr'><strong>terre,</strong></span> <span class='ocrx_word' id='word_1_232' title='bbox 610 3086 632 3131; x_wconf 86' lang='lat' dir='ltr'><strong>e</strong></span> <span class='ocrx_word' id='word_1_233' title='bbox 646 3068 747 3150; x_wconf 89' lang='lat' dir='ltr'><strong>qnele</strong></span> <span class='ocrx_word' id='word_1_234' title='bbox 764 3067 887 3148; x_wconf 80' lang='lat' dir='ltr'><strong>garder</strong></span> <span class='ocrx_word' id='word_1_235' title='bbox 900 3076 937 3130; x_wconf 90' lang='lat' dir='ltr'><strong>et</strong></span> <span class='ocrx_word' id='word_1_236' title='bbox 953 3068 1133 3132; x_wconf 86' lang='lat' dir='ltr'><strong>meintenir</strong></span> 
     </span>
     <span class='ocr_line' id='line_1_27' title="bbox 183 3167 1131 3249; baseline -0.002 -17"><span class='ocrx_word' id='word_1_237' title='bbox 183 3185 271 3232; x_wconf 84' lang='lat' dir='ltr'><strong>vous</strong></span> <span class='ocrx_word' id='word_1_238' title='bbox 281 3174 373 3231; x_wconf 87' lang='lat' dir='ltr'><strong>estes</strong></span> <span class='ocrx_word' id='word_1_239' title='bbox 381 3174 500 3232; x_wconf 84' lang='lat' dir='ltr'><strong>tenutz</strong></span> <span class='ocrx_word' id='word_1_240' title='bbox 512 3183 577 3249; x_wconf 83' lang='lat' dir='ltr'><strong>per</strong></span> <span class='ocrx_word' id='word_1_241' title='bbox 588 3176 739 3231; x_wconf 88' lang='lat' dir='ltr'><strong>serment</strong></span> <span class='ocrx_word' id='word_1_242' title='bbox 747 3167 953 3231; x_wconf 81' lang='lat' dir='ltr'><strong>faitevotre</strong></span> <span class='ocrx_word' id='word_1_243' title='bbox 962 3186 1131 3230; x_wconf 77' lang='lat' dir='ltr'><strong>corcone-</strong></span> 
     </span>
     <span class='ocr_line' id='line_1_28' title="bbox 183 3265 1133 3344; baseline -0.001 -15"><span class='ocrx_word' id='word_1_244' title='bbox 183 3274 289 3344; x_wconf 90' lang='lat' dir='ltr'><strong>ment,</strong></span> <span class='ocrx_word' id='word_1_245' title='bbox 305 3274 340 3331; x_wconf 88' lang='lat' dir='ltr'><strong>et</strong></span> <span class='ocrx_word' id='word_1_246' title='bbox 361 3287 405 3330; x_wconf 89' lang='lat' dir='ltr'><strong>cn</strong></span> <span class='ocrx_word' id='word_1_247' title='bbox 426 3276 545 3330; x_wconf 85' lang='lat' dir='ltr'><strong>contre</strong></span> <span class='ocrx_word' id='word_1_248' title='bbox 566 3267 602 3330; x_wconf 83' lang='lat' dir='ltr'><strong>le</strong></span> <span class='ocrx_word' id='word_1_249' title='bbox 618 3265 732 3331; x_wconf 83' lang='lat' dir='ltr'><strong>Grent</strong></span> <span class='ocrx_word' id='word_1_250' title='bbox 758 3265 916 3344; x_wconf 82' lang='lat' dir='ltr'><strong>Chertre,</strong></span> <span class='ocrx_word' id='word_1_251' title='bbox 931 3266 1015 3330; x_wconf 88' lang='lat' dir='ltr'><strong>dont</strong></span> <span class='ocrx_word' id='word_1_252' title='bbox 1036 3274 1133 3330; x_wconf 83' lang='lat' dir='ltr'><strong>toutn</strong></span> 
     </span>
     <span class='ocr_line' id='line_1_29' title="bbox 181 3365 1133 3449; baseline -0.001 -19"><span class='ocrx_word' id='word_1_253' title='bbox 181 3372 263 3430; x_wconf 90' lang='lat' dir='ltr'><strong>sont</strong></span> <span class='ocrx_word' id='word_1_254' title='bbox 288 3385 510 3448; x_wconf 80' lang='lat' dir='ltr'><strong>escomengez</strong></span> <span class='ocrx_word' id='word_1_255' title='bbox 535 3385 599 3449; x_wconf 83' lang='lat' dir='ltr'><strong>per</strong></span> <span class='ocrx_word' id='word_1_256' title='bbox 624 3373 719 3431; x_wconf 83' lang='lat' dir='ltr'><strong>toutz</strong></span> <span class='ocrx_word' id='word_1_257' title='bbox 736 3367 868 3448; x_wconf 78' lang='lat' dir='ltr'><strong>prelatz</strong></span> <span class='ocrx_word' id='word_1_258' title='bbox 881 3365 1133 3448; x_wconf 86' lang='lat' dir='ltr'><strong>d’Engleterre,</strong></span> 
     </span>
     <span class='ocr_line' id='line_1_30' title="bbox 183 3466 1135 3550; baseline 0.001 -21"><span class='ocrx_word' id='word_1_259' title='bbox 183 3467 219 3548; x_wconf 89' lang='lat' dir='ltr'><strong>qi</strong></span> <span class='ocrx_word' id='word_1_260' title='bbox 234 3467 378 3548; x_wconf 79' lang='lat' dir='ltr'><strong>vignent</strong></span> <span class='ocrx_word' id='word_1_261' title='bbox 390 3466 424 3529; x_wconf 85' lang='lat' dir='ltr'><strong>el</strong></span> <span class='ocrx_word' id='word_1_262' title='bbox 446 3467 599 3530; x_wconf 85' lang='lat' dir='ltr'><strong>incontre</strong></span> <span class='ocrx_word' id='word_1_263' title='bbox 615 3485 678 3550; x_wconf 83' lang='lat' dir='ltr'><strong>par</strong></span> <span class='ocrx_word' id='word_1_264' title='bbox 698 3473 860 3531; x_wconf 75' lang='lat' dir='ltr'><strong>sentence</strong></span> <span class='ocrx_word' id='word_1_265' title='bbox 882 3467 1054 3532; x_wconf 89' lang='lat' dir='ltr'><strong>conferme</strong></span> <span class='ocrx_word' id='word_1_266' title='bbox 1070 3485 1135 3550; x_wconf 81' lang='lat' dir='ltr'><strong>per</strong></span> 
     </span>
    </p>
   </div>
   <div class='ocr_carea' id='block_1_3' title="bbox 186 3565 1135 3650">
    <p class='ocr_par' dir='ltr' id='par_1_3' title="bbox 186 3565 1135 3650">
     <span class='ocr_line' id='line_1_31' title="bbox 186 3565 1135 3650; baseline 0.002 -21"><span class='ocrx_word' id='word_1_267' title='bbox 186 3565 279 3629; x_wconf 91' lang='lat' dir='ltr'><strong>bulle</strong></span> <span class='ocrx_word' id='word_1_268' title='bbox 288 3565 331 3630; x_wconf 91' lang='lat' dir='ltr'><strong>de</strong></span> <span class='ocrx_word' id='word_1_269' title='bbox 340 3585 444 3649; x_wconf 80' lang='lat' dir='ltr'><strong>pape,</strong></span> <span class='ocrx_word' id='word_1_270' title='bbox 454 3567 489 3630; x_wconf 82' lang='lat' dir='ltr'><strong>le</strong></span> <span class='ocrx_word' id='word_1_271' title='bbox 500 3565 600 3650; x_wconf 89' lang='lat' dir='ltr'><strong>quele</strong></span> <span class='ocrx_word' id='word_1_272' title='bbox 613 3585 701 3630; x_wconf 89' lang='lat' dir='ltr'><strong>nous</strong></span> <span class='ocrx_word' id='word_1_273' title='bbox 713 3585 822 3631; x_wconf 83' lang='lat' dir='ltr'><strong>avons</strong></span> <span class='ocrx_word' id='word_1_274' title='bbox 830 3565 953 3631; x_wconf 82' lang='lat' dir='ltr'><strong>devers</strong></span> <span class='ocrx_word' id='word_1_275' title='bbox 961 3586 1064 3640; x_wconf 87' lang='lat' dir='ltr'><strong>nous;</strong></span> <span class='ocrx_word' id='word_1_276' title='bbox 1083 3567 1135 3631; x_wconf 90' lang='lat' dir='ltr'><strong>les</strong></span> 
     </span>
    </p>
   </div>
   <div class='ocr_carea' id='block_1_4' title="bbox 184 3665 1139 4248">
    <p class='ocr_par' dir='ltr' id='par_1_4' title="bbox 184 3665 1139 4248">
     <span class='ocr_line' id='line_1_32' title="bbox 184 3665 1135 3750; baseline 0.002 -22"><span class='ocrx_word' id='word_1_277' title='bbox 184 3666 306 3748; x_wconf 88' lang='lat' dir='ltr'><strong>queles</strong></span> <span class='ocrx_word' id='word_1_278' title='bbox 330 3665 452 3730; x_wconf 83' lang='lat' dir='ltr'><strong>choses</strong></span> <span class='ocrx_word' id='word_1_279' title='bbox 467 3673 549 3731; x_wconf 89' lang='lat' dir='ltr'><strong>sont</strong></span> <span class='ocrx_word' id='word_1_280' title='bbox 572 3665 654 3730; x_wconf 78' lang='lat' dir='ltr'><strong>snitu</strong></span> <span class='ocrx_word' id='word_1_281' title='bbox 672 3686 715 3730; x_wconf 91' lang='lat' dir='ltr'><strong>en</strong></span> <span class='ocrx_word' id='word_1_282' title='bbox 735 3673 840 3748; x_wconf 79' lang='lat' dir='ltr'><strong>grant</strong></span> <span class='ocrx_word' id='word_1_283' title='bbox 857 3668 944 3750; x_wconf 89' lang='lat' dir='ltr'><strong>peril</strong></span> <span class='ocrx_word' id='word_1_284' title='bbox 967 3666 1011 3731; x_wconf 90' lang='lat' dir='ltr'><strong>de</strong></span> <span class='ocrx_word' id='word_1_285' title='bbox 1036 3673 1135 3731; x_wconf 87' lang='lat' dir='ltr'><strong>vctre</strong></span> 
     </span>
     <span class='ocr_line' id='line_1_33' title="bbox 186 3765 1135 3842; baseline -0.002 -12"><span class='ocrx_word' id='word_1_286' title='bbox 186 3766 288 3842; x_wconf 82' lang='lat' dir='ltr'><strong>alme,</strong></span> <span class='ocrx_word' id='word_1_287' title='bbox 311 3772 346 3829; x_wconf 89' lang='lat' dir='ltr'><strong>et</strong></span> <span class='ocrx_word' id='word_1_288' title='bbox 371 3785 415 3830; x_wconf 92' lang='lat' dir='ltr'><strong>en</strong></span> <span class='ocrx_word' id='word_1_289' title='bbox 441 3773 699 3832; x_wconf 84' lang='lat' dir='ltr'><strong>emenusement</strong></span> <span class='ocrx_word' id='word_1_290' title='bbox 723 3765 766 3829; x_wconf 88' lang='lat' dir='ltr'><strong>de</strong></span> <span class='ocrx_word' id='word_1_291' title='bbox 784 3773 881 3830; x_wconf 87' lang='lat' dir='ltr'><strong>votre</strong></span> <span class='ocrx_word' id='word_1_292' title='bbox 902 3766 1024 3830; x_wconf 87' lang='lat' dir='ltr'><strong>honor.</strong></span> <span class='ocrx_word' id='word_1_293' title='bbox 1077 3766 1135 3842; x_wconf 85' lang='lat' dir='ltr'><strong>Et,</strong></span> 
     </span>
     <span class='ocr_line' id='line_1_34' title="bbox 186 3865 1136 3949; baseline -0.001 -20"><span class='ocrx_word' id='word_1_294' title='bbox 186 3866 267 3942; x_wconf 85' lang='lat' dir='ltr'><strong>sire,</strong></span> <span class='ocrx_word' id='word_1_295' title='bbox 292 3873 431 3930; x_wconf 89' lang='lat' dir='ltr'><strong>comeut</strong></span> <span class='ocrx_word' id='word_1_296' title='bbox 461 3885 504 3949; x_wconf 90' lang='lat' dir='ltr'><strong>qe</strong></span> <span class='ocrx_word' id='word_1_297' title='bbox 531 3885 677 3930; x_wconf 89' lang='lat' dir='ltr'><strong>mesmes</strong></span> <span class='ocrx_word' id='word_1_298' title='bbox 708 3883 796 3930; x_wconf 86' lang='lat' dir='ltr'><strong>ceux</strong></span> <span class='ocrx_word' id='word_1_299' title='bbox 822 3866 858 3948; x_wconf 92' lang='lat' dir='ltr'><strong>qi</strong></span> <span class='ocrx_word' id='word_1_300' title='bbox 887 3885 947 3929; x_wconf 89' lang='lat' dir='ltr'><strong>ore</strong></span> <span class='ocrx_word' id='word_1_301' title='bbox 974 3885 1011 3929; x_wconf 89' lang='lat' dir='ltr'><strong>se</strong></span> <span class='ocrx_word' id='word_1_302' title='bbox 1038 3865 1136 3929; x_wconf 89' lang='lat' dir='ltr'><strong>fount</strong></span> 
     </span>
     <span class='ocr_line' id='line_1_35' title="bbox 185 3963 1137 4048; baseline -0.003 -19"><span class='ocrx_word' id='word_1_303' title='bbox 185 3983 402 4048; x_wconf 83' lang='lat' dir='ltr'><strong>governours</strong></span> <span class='ocrx_word' id='word_1_304' title='bbox 434 3972 471 4030; x_wconf 89' lang='lat' dir='ltr'><strong>et</strong></span> <span class='ocrx_word' id='word_1_305' title='bbox 498 3966 724 4030; x_wconf 85' lang='lat' dir='ltr'><strong>coneeillonrs</strong></span> <span class='ocrx_word' id='word_1_306' title='bbox 751 3965 830 4048; x_wconf 86' lang='lat' dir='ltr'><strong>plns</strong></span> <span class='ocrx_word' id='word_1_307' title='bbox 859 3971 964 4030; x_wconf 81' lang='lat' dir='ltr'><strong>avent</strong></span> <span class='ocrx_word' id='word_1_308' title='bbox 993 3983 1037 4046; x_wconf 90' lang='lat' dir='ltr'><strong>qe</strong></span> <span class='ocrx_word' id='word_1_309' title='bbox 1059 3963 1137 4027; x_wconf 91' lang='lat' dir='ltr'><strong>lour</strong></span> 
     </span>
     <span class='ocr_line' id='line_1_36' title="bbox 186 4063 1137 4149; baseline -0.003 -20"><span class='ocrx_word' id='word_1_310' title='bbox 186 4072 279 4129; x_wconf 83' lang='lat' dir='ltr'><strong>estet</strong></span> <span class='ocrx_word' id='word_1_311' title='bbox 313 4065 437 4141; x_wconf 88' lang='lat' dir='ltr'><strong>donne,</strong></span> <span class='ocrx_word' id='word_1_312' title='bbox 471 4071 506 4130; x_wconf 88' lang='lat' dir='ltr'><strong>et</strong></span> <span class='ocrx_word' id='word_1_313' title='bbox 533 4063 609 4149; x_wconf 91' lang='lat' dir='ltr'><strong>¹[en</strong></span> <span class='ocrx_word' id='word_1_314' title='bbox 639 4084 726 4130; x_wconf 87' lang='lat' dir='ltr'><strong>vous</strong></span> <span class='ocrx_word' id='word_1_315' title='bbox 753 4065 922 4146; x_wconf 83' lang='lat' dir='ltr'><strong>donaunt]</strong></span> <span class='ocrx_word' id='word_1_316' title='bbox 960 4082 1046 4127; x_wconf 75' lang='lat' dir='ltr'><strong>vous</strong></span> <span class='ocrx_word' id='word_1_317' title='bbox 1076 4082 1137 4126; x_wconf 91' lang='lat' dir='ltr'><strong>en·</strong></span> 
     </span>
     <span class='ocr_line' id='line_1_37' title="bbox 186 4165 1139 4248; baseline -0.002 -20"><span class='ocrx_word' id='word_1_318' title='bbox 186 4165 308 4228; x_wconf 89' lang='lat' dir='ltr'><strong>tendre</strong></span> <span class='ocrx_word' id='word_1_319' title='bbox 333 4184 376 4248; x_wconf 90' lang='lat' dir='ltr'><strong>qe</strong></span> <span class='ocrx_word' id='word_1_320' title='bbox 402 4185 463 4229; x_wconf 91' lang='lat' dir='ltr'><strong>ceo</strong></span> <span class='ocrx_word' id='word_1_321' title='bbox 490 4186 533 4248; x_wconf 94' lang='lat' dir='ltr'><strong>qe</strong></span> <span class='ocrx_word' id='word_1_322' title='bbox 562 4185 648 4230; x_wconf 84' lang='lat' dir='ltr'><strong>vous</strong></span> <span class='ocrx_word' id='word_1_323' title='bbox 675 4185 734 4229; x_wconf 90' lang='lat' dir='ltr'><strong>ore</strong></span> <span class='ocrx_word' id='word_1_324' title='bbox 754 4165 867 4241; x_wconf 83' lang='lat' dir='ltr'><strong>faites,</strong></span> <span class='ocrx_word' id='word_1_325' title='bbox 890 4171 955 4241; x_wconf 90' lang='lat' dir='ltr'><strong>est,</strong></span> <span class='ocrx_word' id='word_1_326' title='bbox 982 4170 1017 4227; x_wconf 89' lang='lat' dir='ltr'><strong>et</strong></span> <span class='ocrx_word' id='word_1_327' title='bbox 1044 4177 1139 4227; x_wconf 84' lang='lat' dir='ltr'><strong>serra</strong></span> 
     </span>
    </p>
   </div>
   <div class='ocr_carea' id='block_1_5' title="bbox 354 4331 990 4396">
    <p class='ocr_par' dir='ltr' id='par_1_5' title="bbox 354 4331 990 4396">
     <span class='ocr_line' id='line_1_38' title="bbox 354 4331 990 4396; baseline 0.002 -14"><span class='ocrx_word' id='word_1_328' title='bbox 354 4331 361 4361; x_wconf 91' lang='lat'>¹</span> <span class='ocrx_word' id='word_1_329' title='bbox 379 4335 461 4384; x_wconf 87' lang='lat' dir='ltr'><strong>These</strong></span> <span class='ocrx_word' id='word_1_330' title='bbox 472 4335 556 4384; x_wconf 85' lang='lat' dir='ltr'><strong>words</strong></span> <span class='ocrx_word' id='word_1_331' title='bbox 567 4349 611 4384; x_wconf 84' lang='lat' dir='ltr'><strong>ere</strong></span> <span class='ocrx_word' id='word_1_332' title='bbox 621 4335 684 4383; x_wconf 83' lang='lat' dir='ltr'><strong>frorn</strong></span> <span class='ocrx_word' id='word_1_333' title='bbox 696 4335 840 4396; x_wconf 83' lang='lat' dir='ltr'><strong>Avesbury,</strong></span> <span class='ocrx_word' id='word_1_334' title='bbox 851 4349 867 4382; x_wconf 85' lang='lat' dir='ltr'><strong>e</strong></span> <span class='ocrx_word' id='word_1_335' title='bbox 879 4335 990 4384; x_wconf 84' lang='lat' dir='ltr'><strong>Hearne.</strong></span> 
     </span>
    </p>
   </div>
   <div class='ocr_carea' id='block_1_6' title="bbox 0 0 1594 5046">
    <p class='ocr_par' dir='ltr' id='par_1_6' title="bbox 0 0 1594 5046">
     <span class='ocr_line' id='line_1_39' title="bbox 0 0 1594 5046; baseline 0 0"><span class='ocrx_word' id='word_1_336' title='bbox 0 0 1594 5046; x_wconf 95' lang='lat' dir='ltr'><strong> </strong></span> 
     </span>
    </p>
   </div>
  </div>
 </body>
</html>
