3134 5046
553 541 777 590 cuaomcou.
793 573 797 582 .
1078 527 1143 590 135

185 708 236 765 ter
261 699 452 778 naviculas,
475 701 659 765 Dominica
684 700 774 764 infra
802 708 946 764 octavas
970 697 1139 782 Assump-

183 802 289 864 tionis
336 801 467 865 venerit
511 821 618 885 prope
656 800 775 865 littora
809 799 999 864 Britanniae
1033 799 1140 884 juxta

183 909 334 964 castrum
362 909 397 966 et
427 901 544 965 villam
566 909 692 966 vocata
717 899 841 975 Brast;
880 899 938 962 ubi
972 899 1036 964 tirit
1068 899 1240 1004 dic·,¹‚³,¹‚‘⁸‘¹¹

184 1006 257 1062 tum
285 1007 437 1064 castrum
467 1007 502 1064 et
524 1000 608 1065 villa
642 1008 712 1063 tam
735 1013 914 1082 permare
942 1014 1047 1080 quam
1074 1016 1136 1082 per
1194 975 1206 1003 ²

183 1104 323 1176 terram,
350 1119 412 1183 per
438 1101 582 1164 comites
607 1102 649 1165 de
670 1099 791 1181 Bloys,
817 1091 1012 1174 Sabaudiae,
1035 1105 1071 1162 et
1093 1096 1137 1162 de

1186 963 1255 1014 lgcd.

184 1197 290 1280 Foys,
330 1207 404 1281 per'
421 1199 585 1282 majorem
618 1199 809 1282 potentiam
847 1196 947 1279 regni
977 1197 1136 1261 Franciae

181 1298 333 1361 obsessa
395 1297 464 1362 Sed
486 1298 563 1362 visa
590 1299 701 1362 classe
723 1298 863 1362 navium
881 1295 1135 1380 praedictarum,

181 1405 217 1462 et
248 1415 286 1460 se
313 1397 465 1481 undique
492 1397 678 1470 involutos,
703 1403 774 1461 tres
804 1391 926 1478 galeae,
949 1404 1134 1478 antequam

183 1507 290 1560 naves
318 1506 461 1580 possent
491 1505 619 1561 terram
652 1515 787 1579 capere,
813 1497 905 1578 fugae
935 1495 1135 1578 praesidium

181 1596 366 1676 petierunt.
419 1596 466 1662 Et
480 1597 638 1660 undecim
661 1596 784 1676 galeae,
801 1614 946 1677 quarum
970 1603 1041 1660 tres
1062 1595 1134 1659 fue-

182 1703 264 1758 runt
286 1698 522 1778 permaximae,
546 1695 718 1779 quoddam
741 1695 869 1759 flumen
894 1714 996 1778 aquae
1015 1715 1132 1759 recen-

184 1795 228 1858 tis
250 1794 343 1859 illius
367 1804 490 1878 portus
510 1797 668 1860 strictum
696 1802 732 1859 et
754 1802 886 1859 arctum
903 1795 1133 1872 intraverunt,

180 1893 242 1957 sed
273 1902 309 1957 et
340 1895 448 1976 galeis
476 1895 638 1972 dimissio,
659 1895 702 1958 ad
733 1902 861 1959 terram
890 1892 1068 1974 fugerunt3
1097 1901 1133 1958 et

177 2001 254 2057 tam
293 1994 372 2077 ipsi,
400 2014 503 2077 quam
543 1994 740 2059 obsidentes
766 2000 916 2058 castrum
949 1999 984 2056 et
1014 1992 1133 2057 villam

180 2113 244 2176 per
263 2100 405 2171 terram,
430 2094 552 2158 relicta
578 2093 767 2170 obsidione,
787 2098 822 2156 et
843 2092 991 2175 quodam
1018 2100 1133 2156 castro

181 2200 307 2256 vocato
336 2191 604 2270 Gouleauorest,
630 2211 701 2257 una
729 2211 807 2257 oum
836 2191 1055 2269 victualibus,
1082 2192 1133 2254 di·

180 2292 287 2356 misso
306 2311 427 2371 vacuo,
447 2300 669 2357 recesserunt.
737 2293 867 2357 Nautae
892 2311 976 2356 vero
995 2289 1135 2373 Anglici

179 2391 413 2473 insequentes,
437 2392 548 2458 dictas
579 2391 736 2459 undecim
761 2390 892 2473 galeas,
910 2410 988 2454 cum
1016 2390 1134 2474 parvis

181 2490 352 2554 naviculis
375 2498 411 2555 et
440 2493 583 2574 bargiis,
607 2493 893 2555 combusserunt:
918 2491 1037 2572 sicque
1062 2511 1135 2555 om·

182 2610 243 2655 nes
266 2588 406 2672 Anglici
432 2591 476 2653 ad
504 2600 630 2656 terram
658 2591 912 2673 applicueruut,
929 2590 1136 2674 fueruntque

181 2710 259 2754 cum
286 2690 416 2771 gaudio
438 2691 618 2755 ethonore
642 2691 813 2772 suscepti3
838 2709 878 2754 ac
904 2690 1136 2755 discurrentes

183 2810 244 2873 per
265 2790 426 2871 patriam,
451 2790 646 2867 indiscrete,
663 2790 833 2854 neminem
863 2789 923 2871 qui
949 2791 1136 2868 resisteret,

183 2891 398 2955 invenerunt.
451 2889 581 2954 Postea
596 2909 690 2966 vero,
708 2889 947 2970 recolligentes
970 2909 1019 2966 se,
1042 2888 1135 2952 ordi·

183 2996 355 3052 naverunt
386 2988 489 3051 simul
517 2996 553 3053 et
582 2989 765 3053 discretius
795 2988 951 3070 equitare
982 3008 1044 3070 per
1075 3007 1136 3069 pa-

184 3089 306 3166 triam,
337 3105 377 3152 ac
399 3088 573 3152 dominum
591 3087 634 3151 de
658 3088 729 3170 Say
745 3087 909 3151 custodiae
931 3088 1014 3153 dicti
1030 3088 1135 3152 castri

183 3186 226 3250 de
244 3185 499 3251 Goule-Forest
521 3188 785 3271 deputaverunt,
803 3194 839 3250 et
863 3187 1029 3271 majorem
1056 3205 1136 3268 par-

182 3296 251 3350 tem
280 3287 420 3350 navium
446 3287 484 3350 in
507 3285 672 3368 Angliam
701 3305 764 3369 pro
791 3285 882 3366 regis
908 3287 1056 3350 transitu
1083 3306 1136 3348 re·
1242 3295 1244 3299 “

181 3386 368 3449 miserunt:
393 3384 579 3468 ¹[quorum
604 3394 720 3451 nautae
748 3385 918 3467 praemissi
943 3385 1059 3449 omnia
1075 3405 1136 3467 per

180 3485 336 3548 ordinem
353 3485 572 3567 retulerunt]

244 3583 374 3648 Postea
414 3603 496 3648 vero
531 3585 644 3650 dictus
684 3604 799 3648 comes
833 3583 1135 3667 Nortbamptoniae

182 3682 321 3767 scripsit
348 3683 486 3748 domino
511 3684 585 3765 regi
601 3683 752 3766 Angliae,
774 3685 878 3767 quod,
907 3683 1025 3748 habito
1052 3703 1134 3746 con-

183 3783 262 3846 silio
291 3785 335 3846 ab
361 3782 415 3845 bis
433 3783 492 3865 qui
519 3783 713 3847 babuerunt
736 3785 894 3848 notitiam
920 3784 1054 3866 patriae,
1072 3801 1134 3864 pro

183 3881 317 3945 meliori
334 3882 452 3945 extitit
475 3883 732 3959 concordatum,
748 3884 839 3966 quod
865 3883 932 3965 ipsi
957 3901 994 3944 se
1020 3880 1135 3944 trabe·

182 3987 260 4044 rent
295 3999 416 4044 versus
454 3989 605 4046 castrum
639 3991 674 4046 et
707 3982 826 4046 villam
857 4001 935 4064 quae
957 3980 1137 4043 Mousieur

185 4081 291 4145 Relix
311 4081 501 4162 vulgariter
517 4088 752 4165 nuncupatum
778 4088 813 4144 et
828 4080 960 4144 ibidem·
970 4079 1135 4143 insultum

495 4303 504 4335 ¹
524 4305 647 4366 Omitted,
665 4306 740 4368 Nero,
751 4305 785 4354 D.
794 4319 820 4354 x.
