3134 5046
56 3525 58 3530 Ι
158 3443 263 3508 titulo
300 3449 441 3506 sanctae
472 3441 643 3505 Praxedis
667 3441 857 3523 presbyter,
891 3448 926 3504 ct
952 3439 1111 3503 dominus

159 3542 373 3607 Bertrandus
402 3540 445 3604 de
472 3541 595 3604 Monte
614 3540 796 3617 Faventio,
821 3541 945 3603 beatae
978 3538 1112 3603 Mariae

158 3643 195 3705 in
209 3639 345 3722 Aquiro
363 3640 541 3716 diaconus,
558 3639 760 3702 cardinales.
812 3637 948 3717 Quibus
966 3637 1113 3720 [archi]-

159 3741 344 3823 episcopus
370 3738 643 3815 Cantuariensis,
667 3737 940 3820 Wyntoniensis,
982 3737 1112 3820 Elyen·

158 3841 220 3916 sis,
256 3837 492 3914 Cicestrensis,
516 3844 551 3900 et
584 3836 840 3915 coventrensis,
877 3836 1043 3920 episcopi,
1076 3845 1111 3899 et

159 3938 388 4004 communitas
411 3935 668 4001 Londonierum
685 3935 876 4000 ⁹venerunt
891 3935 1027 3998 obviam
1049 3952 1111 4014 pa-

157 4057 233 4102 rum
248 4037 337 4100 citra
354 4033 664 4110 'Shutareshelde3
688 4042 724 4099 et
740 4034 811 4097 dux
830 4031 1013 4098 Cornubiaa
1032 4050 1111 4093 cum

531 509 753 557 canonicos.
1072 496 1116 558 83

155 685 239 745 gem
259 665 437 742 Franciae3
462 665 709 747 propterquod
726 666 875 746 ipserex
893 666 973 730 fecit
991 686 1114 749 capere
1126 682 1176 772 ἓξ
1177 683 1269 772 1Ἥκωθ

158 765 204 827 ed
244 785 384 828 manum
420 783 517 828 suam
550 783 667 828 omnes
697 765 794 828 lonas
828 767 923 846 regni
954 767 1020 842 sui,
1050 767 1276 830 ali-woountohu

157 864 261 947 cujus
286 864 502 946 quantitatis
520 865 584 927 sub
612 871 708 928 certa
734 863 844 928 forma
871 864 962 928 inter
984 885 1113 929 merca·
1126 832 1257 872 ‘’mma''

158 970 255 1025 tores
290 972 473 1040 conventa,
501 983 565 1045 pro
595 963 731 1027 modico
768 964 889 1045 pretio,
916 965 960 1027 ab
985 965 1113 1032 invitis

158 1061 208 1125 Et
237 1081 314 1125 cum
343 1062 412 1126 illis
445 1063 545 1138 lanis,
574 1082 653 1145 quae
683 1062 725 1126 ad
761 1081 938 1126 numerum
970 1065 1113 1144 triginta

159 1161 307 1224 millium
334 1181 511 1225 saccorum
536 1181 574 1224 se
595 1161 839 1238 extendebant,
855 1162 949 1226 misit
972 1163 1007 1225 in
1025 1163 1113 1226 Bra-

158 1260 317 1324 bantiam
343 1261 541 1342 episcopum
567 1259 768 1340 Lincolniae,
793 1261 951 1324 comitem
982 1261 1113 1326 North·

158 1357 359 1440 amptoniae,
398 1367 433 1424 et
464 1360 591 1424 multos
617 1367 770 1424 armatos
799 1368 833 1424 et
861 1359 1112 1425 architenentes

158 1466 195 1522 et
209 1457 418 1535 Wallenses,
448 1477 527 1522 cum
558 1458 698 1522 navium
720 1478 846 1540 magna
872 1459 1001 1524 classe:
1033 1481 1113 1542 quae

159 1575 270 1620 naves
286 1557 425 1620 fuerunt
438 1576 499 1639 per
510 1564 621 1622 totam
636 1565 792 1622 aestatem
806 1559 1067 1639 praecedentem,
1077 1568 1113 1623 et

160 1656 169 1690 ¹
185 1653 282 1740 [per]
299 1664 513 1732 autumnum,
531 1657 566 1719 in
585 1657 753 1738 Tamysia
777 1665 812 1721 et
839 1657 916 1721 aliis
944 1659 1112 1739 portubus

157 1756 321 1831 detentae,
338 1755 382 1820 ad
406 1774 570 1836 magnum
583 1756 747 1820 domnum
765 1757 873 1820 totius
889 1757 1005 1836 regni3
1029 1757 1112 1838 quia

160 1862 238 1919 tota
253 1854 386 1918 utilitas
404 1861 645 1930 mercatorum,
656 1862 690 1918 et
706 1863 901 1931 nautarum,
913 1863 948 1918 et
959 1857 1111 1919 omnium

159 1953 470 2028 mercimoniorum,
496 1953 728 2018 vehendorum
759 1961 794 2016 et
828 1954 1111 2035 reportandorum

159 2073 223 2135 per
258 2071 364 2131 mare,
400 2052 497 2135 [fuit]
530 2054 591 2118 illo
623 2073 714 2117 anno
747 2054 904 2135 nequiter
935 2053 1110 2134 impedita.

161 2152 209 2214 Et
244 2151 403 2216 dominus
419 2151 597 2217 Walterus
628 2153 670 2216 de
703 2151 836 2236 Manny
869 2151 975 2235 juxta
1010 2152 1113 2216 Flan-

159 2251 271 2314 driam
304 2251 460 2314 exercuit
484 2271 645 2333 magnum
673 2252 855 2328 saevitiam,
879 2259 915 2316 et
943 2251 1114 2315 interfecit

162 2370 281 2414 omnes
305 2369 392 2432 quos
415 2350 547 2415 invenit
571 2352 606 2414 in
636 2351 784 2433 quadum
807 2350 933 2427 insula,
957 2369 1036 2432 quoe
1051 2370 1112 2414 vo-

161 2457 264 2513 catur
276 2449 421 2531 Cagent,
441 2457 476 2514 et
493 2451 584 2532 cepit
599 2450 739 2514 fratrem
762 2449 953 2512 naturalem
976 2451 1111 2513 comitis

162 2549 359 2614 Flandriae:
387 2556 423 2614 et
449 2548 514 2614 boo
543 2549 637 2626 fecit,
656 2549 738 2630 quia
758 2548 1003 2613 interfecerunt
1025 2549 1111 2612 duos
1152 2559 1157 2566 ’

159 2649 341 2730 Anglioos,
357 2647 417 2729 qni
444 2648 686 2730 applicuerunt
711 2648 755 2711 ad
786 2655 913 2711 terram
943 2647 1036 2712 illius
1057 2648 1111 2710 in·

158 2749 246 2812 sulae
267 2766 330 2830 pro
356 2766 448 2830 aqua
474 2747 566 2811 dulci
596 2747 791 2830 quaerenda.
857 2747 923 2810 Sed
953 2745 1111 2810 dominus

160 2867 224 2911 rex
251 2847 390 2911 fratrem
423 2846 507 2911 dicti
537 2847 671 2911 comitis
697 2847 766 2911 cito
794 2846 937 2919 remisit,
960 2844 1110 2926 pulchris

160 2947 372 3024 muneribus,
390 2946 499 3026 cquis,
517 2952 552 3010 et
562 2945 735 3030 jocalibus
752 2944 967 3009 honoratum.

205 3045 286 3128 Hoc
304 3065 406 3121 anuo,
425 3045 518 3108 circa
541 3045 666 3110 festum
694 3045 806 3108 sancti
830 3043 990 3119 Andreae,
1010 3044 1263 3109 vene-nomme

1121 3111 1176 3149 from
1186 3111 1222 3150 the

159 3152 242 3209 runt
260 3144 448 3208 Londoniis
471 3144 540 3207 duo
564 3144 768 3220 cardinales
789 3141 884 3205 missi
906 3161 968 3223 per
983 3160 1110 3223 papam
1121 3171 1182 3209 rore,
1191 3163 1213 3199 to

1121 3210 1214 3248 mediate
1223 3220 1236 3248 s

158 3265 224 3328 pro
250 3263 335 3326 pace
365 3243 455 3306 inter
479 3261 578 3324 reges
605 3242 743 3324 Angliae
765 3249 800 3305 et
823 3241 980 3304 Franciae
1002 3240 1184 3308 rosor-reme
1193 3261 1229 3298 u·

1121 3313 1189 3349 tween

159 3342 307 3416 manda;
356 3342 529 3418 videlicet,
567 3342 725 3407 dominus
758 3340 885 3404 Petrus
917 3339 1110 3422 HispanuS,
1122 3359 1252 3460 pfflno

195 4217 201 4246 ¹
220 4218 283 4267 This
291 4218 362 4266 word
373 4219 396 4267 is
408 4219 512 4266 omitted
521 4219 547 4266 in
556 4219 622 4267 Cott.
683 4213 694 4246 ²
710 4215 866 4278 ‘dederunt,'
879 4215 942 4276 Reg.
955 4214 988 4265 Α.
999 4192 1072 4266 irunt.

157 4291 198 4340 Cl.
210 4289 242 4337 E.
283 4307 284 4310 ¹
684 4284 695 4317 ⁸
712 4287 838 4336 Shooter's
849 4285 970 4402 Fisida?2
