3146 5038
443 479 508 554 lat
793 498 834 550 n.
861 493 1078 550 nuatuurn.

443 659 574 743 scripta
600 656 779 723 indentata
807 655 960 722 noudum
989 651 1276 742 apponebantur;
1329 650 1397 723 sci-

445 761 525 826 licet
543 759 634 844 quod
653 778 714 823 rex
732 757 871 840 Angliae
885 757 1028 823 haberet
1049 778 1169 823 omues
1185 767 1295 824 terras
1311 777 1395 823 suas

445 859 592 925 ducatus
622 857 834 941 Aquitaniae,
865 877 955 940 quas
985 857 1051 921 sibi
1081 877 1144 921 rex
1180 859 1392 923 Francorum

446 959 576 1043 injuste
593 966 833 1040 usurpaverat,
850 957 881 1020 si
898 976 960 1021 rex
978 956 1118 1039 Angliae
1141 964 1252 1022 totum
1275 958 1337 1042 jus
1360 965 1395 1022 et

446 1053 630 1135 clameum,
656 1058 781 1140 quibus
812 1077 954 1138 regnum
988 1056 1144 1121 Franciae
1177 1058 1394 1134 vendicabat,

447 1159 520 1240 regi
548 1158 759 1221 Francorum
788 1157 977 1220 remitteret
999 1175 1040 1220 ac
1060 1157 1319 1239 inperpetuum
1343 1178 1394 1221 re-

447 1257 639 1322 nunciaret.
672 1249 801 1339 ¹Super
827 1274 896 1338 quo
925 1256 1066 1338 negotio
1090 1272 1135 1319 ex
1169 1264 1269 1338 parte
1301 1257 1395 1339 regis

448 1355 588 1439 Angliae
618 1354 715 1419 missi
742 1350 824 1421 sunt
850 1355 1020 1419 solemnes
1040 1349 1164 1419 ‘nuncii
1191 1356 1235 1420 ad
1263 1357 1393 1420 curiam

448 1456 667 1529 Romanam
708 1454 880 1532 videlicet,
912 1454 1070 1519 dominus
1106 1454 1282 1520 Henricus
1321 1456 1394 1520 dux

449 1555 674 1630 Lancestriae,
708 1552 903 1619 Richardus
939 1573 1055 1618 comes
1089 1554 1270 1632 Arundell,
1305 1555 1395 1620 Wil-

427 1655 584 1719 “lielmns
621 1651 805 1738 episcopus
842 1652 1089 1731 Norwiceusis,
1128 1661 1164 1719 et
1201 1647 1320 1719 Guido
1354 1655 1396 1718 de

449 1754 557 1818 Briau
593 1754 704 1830 miles,
743 1761 782 1817 nt
823 1753 982 1818 domiuus
1018 1772 1110 1837 papa
1146 1754 1273 1819 dictam
1317 1774 1396 1818 con-

284 1878 411 1920 serens
448 1853 601 1918 cordiam
623 1852 864 1918 confirmaret:
891 1853 965 1930 sed,
985 1853 1065 1916 dolo
1087 1861 1123 1917 et
1139 1851 1259 1918 fraude
1277 1852 1396 1918 Gallo·

285 1929 374 2020 liiii.
449 1972 537 2030 rum,
562 1955 688 2035 quihus
707 1952 839 2034 jugiter
860 1952 1095 2030 adhaerebant,
1118 1971 1287 2018 unacum
1315 1973 1397 2018 con·

447 2053 602 2119 niventia
614 2052 743 2117 domini
760 2071 872 2136 papae,
885 2071 907 2116 a
918 2052 1100 2116 concordia
1115 2060 1168 2116 est
1184 2052 1399 2118 discessum.¹

448 2153 528 2218 Rex
554 2151 636 2216 vero
654 2148 857 2228 Edwardus‚
877 2170 920 2214 ex
944 2151 1010 2215 hoc
1038 2171 1107 2216 non
1137 2141 1308 2217 modicum
1335 2173 1399 2217 ex·

448 2260 641 2336 asperatus,
659 2250 800 2334 copioso
821 2250 977 2315 exercitu
1002 2259 1226 2332 congregato,
1253 2271 1399 2334 regnum

450 2351 662 2416 Francorum
693 2350 873 2415 confestim
901 2351 1057 2427 intravit,
1084 2357 1120 2415 et
1145 2350 1228 2415 illud
1260 2360 1402 2417 vastare

446 2451 583 2535 crepta·
611 2450 690 2526 Sed,
712 2450 831 2515 audita
856 2450 1015 2533 captione
1037 2450 1217 2528 Berewici,
1238 2450 1341 2516 rediit
1363 2453 1400 2516 iu

436 2549 635 2631 ·Angliam;
663 2557 698 2614 et
716 2549 929 2614 Berewicum
957 2547 1000 2613 de
1028 2549 1209 2614 Scotorum
1242 2551 1403 2616 manibus

450 2649 623 2714 liberavit.
1256 2691 1259 2696 ·

502 2748 582 2827 Quo
610 2747 714 2813 etiam
742 2768 845 2827 auno,
872 2751 957 2815 feria
987 2747 1090 2815 tertia
1123 2751 1159 2813 in
1187 2749 1404 2814 hebdomada

453 2848 691 2927 Pentecostes,
704 2847 886 2914 Avinoniae
901 2849 1068 2915 combusti
1084 2856 1167 2914 sunt
1178 2839 1246 2914 duo
1259 2850 1405 2915 Fratres

451 2948 620 3026 Minores,
651 2968 714 3030 pro
753 2949 957 3032 quibusdam
987 2950 1138 3013 erroneis
1171 2943 1406 3032 opinionibus,

450 3056 555 3131 prout
582 3049 720 3112 domino
752 3067 853 3132 papae
878 3057 914 3114 et
946 3050 1018 3112 suis
1049 3048 1281 3113 cardinalibus
1309 3050 1407 3114 vide-

289 3169 351 3209 are·
430 3146 580 3214 ‘batur-'ff
625 3145 698 3212 'Illo
723 3148 852 3230 quippe
877 3167 967 3212 anno
996 3149 1137 3230 grandis
1159 3149 1283 3215 seditio
1312 3149 1405 3214 inter

288 3218 432 3320 illidii?
451 3247 558 3312 laicos
593 3254 628 3312 et
658 3248 833 3312 scholares
866 3247 1014 3313 Oxoniae
1052 3257 1106 3313 est
1138 3256 1282 3326 exorta3
1322 3269 1404 3313 uam

288 3319 432 3410 tlhhild'
453 3346 541 3422 laici,
575 3346 723 3412 collecta
756 3346 975 3412 multitudiue
1013 3347 1165 3411 virorum
1207 3348 1250 3411 de
1287 3349 1406 3431 patria

452 3446 775 3527 circumadjacente,
803 3447 838 3509 iu
861 3446 1036 3511 scholares
1062 3447 1275 3511 atrocissime
1297 3447 1406 3512 irrue·

452 3552 554 3609 runt:
615 3546 782 3628 quosdam
825 3546 1103 3622 vulneraverunt,
1155 3555 1190 3610 et
1233 3548 1403 3630 quosdam

452 3644 636 3708 crudeliter
672 3654 900 3727 peremerunt.
969 3641 1152 3710 Postremo
1183 3665 1278 3724 vero,
1312 3648 1405 3711 bona

450 3763 570 3808 eorum
596 3743 809 3825 diripientes,
833 3765 892 3808 eos
918 3746 960 3808 de
978 3744 1062 3808 villa
1088 3744 1206 3827 sugere
1231 3747 1405 3828 compule-

452 3850 543 3908 runt.
612 3843 760 3928 Propter
785 3844 875 3925 quod
909 3844 1060 3917 Oxonia‚
1090 3844 1127 3906 in
1161 3852 1295 3926 postea,
1328 3855 1406 3912 erat

452 3944 634 4026 supposita
651 3945 885 4007 ecclesiastico
909 3939 1105 4007 interdicto.
1151 3944 1312 4020 Dcmum,
1335 3963 1406 4010 me-

487 4149 496 4183 ¹
513 4153 560 4202 See
572 4153 711 4215 Kuightou,
721 4156 823 4203 aeut-8.
941 4129 1011 4200 there
1033 4166 1101 4201 were
1123 4153 1180 4201 four
1201 4153 1231 4202 of
1251 4154 1333 4217 them,
1355 4157 1407 4204 and

447 4263 448 4269 ,
941 4223 1011 4284 gives
1019 4222 1061 4270 the
1072 4222 1153 4271 heads
1164 4223 1193 4270 of
1204 4223 1270 4271 their
1284 4223 1408 4274 heretical

487 4289 643 4355 ’Kuightou
669 4291 830 4352 erroneously
854 4305 916 4353 says
940 4293 1067 4352 doctrine;
1090 4305 1134 4354 pp.
1146 4296 1264 4343 asoa-10.
1394 4319 1398 4326 ·
